@article{AbiShaBas21,
 author = {Shamsa Abid and Shafay Shamail and Hamid Abdul Basit and Sarah Nadi},
 number = {5},
 title = {FACER: An API usage-based code-example recommender for opportunistic reuse.},
 venue = {Empirical Software Engineering},
 volume = {26}
}

@article{AhmDevHel21,
 author = {Toufique Ahmed and Premkumar T. Devanbu and Vincent J. Hellendoorn},
 number = {2},
 title = {Learning lenient parsing &amp; typing via indirect supervision.},
 venue = {Empirical Software Engineering},
 volume = {26}
}

@article{AleMar21,
 author = {Aldeida Aleti and Matias Martinez},
 number = {5},
 title = {E-APR: Mapping the effectiveness of automated program repair techniques.},
 venue = {Empirical Software Engineering},
 volume = {26}
}

@article{AraDelMar21,
 author = {Vincent Aranega and Julien Delplanque and Matias Martinez and Andrew P. Black and Stéphane Ducasse and Anne Etien and Christopher Fuhrman and Guillermo Polito},
 number = {6},
 title = {Rotten green tests in Java, Pharo and Python.},
 venue = {Empirical Software Engineering},
 volume = {26}
}

@article{AriHadLur21,
 author = {Renana Arizon-Peretz and Irit Hadar and Gil Luria and Sofia Sherman},
 number = {6},
 title = {Understanding developers&apos; privacy and security mindsets via climate theory.},
 venue = {Empirical Software Engineering},
 volume = {26}
}

@article{AssHasTia21,
 author = {Maram Assi and Safwat Hassan and Yuan Tian and Ying Zou},
 number = {5},
 title = {FeatCompare: Feature comparison for competing mobile apps leveraging user reviews.},
 venue = {Empirical Software Engineering},
 volume = {26}
}

@article{BagWanAer21,
 author = {Hamid Bagheri and Jianghao Wang and Jarod Aerts and Negar Ghorbani and Sam Malek},
 number = {3},
 title = {Flair: efficient analysis of Android inter-component vulnerabilities in response to incremental changes.},
 venue = {Empirical Software Engineering},
 volume = {26}
}

@article{Berry21,
 author = {Daniel M. Berry},
 number = {5},
 title = {Empirical evaluation of tools for hairy requirements engineering tasks.},
 venue = {Empirical Software Engineering},
 volume = {26}
}

@article{BogFriWag21,
 author = {Justus Bogner and Jonas Fritzsch and Stefan Wagner and Alfred Zimmermann},
 number = {5},
 title = {Industry practices and challenges for the evolvability assurance of microservices.},
 venue = {Empirical Software Engineering},
 volume = {26}
}

@article{BriHorVal21,
 author = {Aline Brito and André C. Hora and Marco Túlio Valente},
 number = {6},
 title = {Characterizing refactoring graphs in Java and JavaScript projects.},
 venue = {Empirical Software Engineering},
 volume = {26}
}

@article{CasFirCoh21,
 author = {Mikaela Cashman and Justin W. Firestone and Myra B. Cohen and Thammasak Thianniwet and Wei Niu},
 number = {3},
 title = {An empirical investigation of organic software product lines.},
 venue = {Empirical Software Engineering},
 volume = {26}
}

@article{CheAbdMuj21,
 author = {Xiaowei Chen and Rabe Abdalkareem and Suhaib Mujahid and Emad Shihab and Xin Xia},
 number = {2},
 title = {Helping or not helping? Why and how trivial packages impact the npm ecosystem.},
 venue = {Empirical Software Engineering},
 volume = {26}
}

@article{CheCheWan21,
 author = {An Ran Chen and Tse-Hsun (Peter) Chen and Shaowei Wang},
 number = {1},
 title = {Demystifying the challenges and benefits of analyzing user-reported logs in bug reports.},
 venue = {Empirical Software Engineering},
 volume = {26}
}

@article{CheLinSmi21,
 author = {Hayden Cheers and Yuqing Lin and Shamus P. Smith},
 number = {4},
 title = {Evaluating the robustness of source code plagiarism detection tools to pervasive plagiarism-hiding modifications.},
 venue = {Empirical Software Engineering},
 volume = {26}
}

@article{CheXiaLo21,
 author = {Jiachi Chen and Xin Xia and David Lo and John C. Grundy and Xiaohu Yang},
 number = {6},
 title = {Maintenance-related concerns for post-deployed Ethereum smart contract development: issues, techniques, and future challenges.},
 venue = {Empirical Software Engineering},
 volume = {26}
}

@article{ChiKulMcI21,
 author = {Bodin Chinthanet and Raula Gaikovina Kula and Shane McIntosh and Takashi Ishio and Akinori Ihara and Kenichi Matsumoto},
 number = {3},
 title = {Lags in the release, adoption, and propagation of npm vulnerability fixes.},
 venue = {Empirical Software Engineering},
 volume = {26}
}

@article{ChoDamTra21,
 author = {Morakot Choetkiertikul and Hoa Khanh Dam and Truyen Tran and Trang Pham and Chaiyong Ragkhitwetsagul and Aditya Ghose},
 number = {1},
 title = {Automatically recommending components for issue reports using deep learning.},
 venue = {Empirical Software Engineering},
 volume = {26}
}

@article{CosGheRib21,
 author = {José Aldo Silva da Costa and Rohit Gheyi and Márcio Ribeiro and Sven Apel and Vander Alves and Baldoino Fonseca and Flávio Medeiros and Alessandro Garcia},
 number = {5},
 title = {Evaluating refactorings for disciplining #ifdef annotations: An eye tracking study with novices.},
 venue = {Empirical Software Engineering},
 volume = {26}
}

@article{CôgOliBez21,
 author = {Filipe Roseiro Côgo and Gustavo Ansaldi Oliva and Cor-Paul Bezemer and Ahmed E. Hassan},
 number = {5},
 title = {An empirical study of same-day releases of popular packages in the npm ecosystem.},
 venue = {Empirical Software Engineering},
 volume = {26}
}

@article{DamMouSim21,
 author = {Carlos Diego Nascimento Damasceno and Mohammad Reza Mousavi and Adenilso da Silva Simão},
 number = {1},
 title = {Learning by sampling: learning behavioral family models from software product lines.},
 venue = {Empirical Software Engineering},
 volume = {26}
}

@article{DaoAllBis21,
 author = {Nadia Daoudi and Kevin Allix and Tegawendé F. Bissyandé and Jacques Klein},
 number = {4},
 title = {Lessons Learnt on Reproducibility in Machine Learning Based Android Malware Detection.},
 venue = {Empirical Software Engineering},
 volume = {26}
}

@article{DauBriObe21,
 author = {Marian Daun and Jennifer Brings and Patricia Aluko Obe and Viktoria Stenkova},
 number = {4},
 title = {Reliability of self-rated experience and confidence as predictors for students&apos; performance in software engineering.},
 venue = {Empirical Software Engineering},
 volume = {26}
}

@article{DucGrüThü21,
 author = {Laurence Duchien and Paul Grünbacher and Thomas Thüm},
 number = {4},
 title = {Foreword to the Special Issue on Configurable Systems.},
 venue = {Empirical Software Engineering},
 volume = {26}
}

@article{DíaLópPér21,
 author = {Jessica Díaz and Daniel López-Fernández and Jorge Pérez and Ángel González-Prieto},
 number = {2},
 title = {Why are many businesses instilling a DevOps culture into their organization?},
 venue = {Empirical Software Engineering},
 volume = {26}
}

@article{EbeCasNov21,
 author = {Felipe Ebert and Fernando Castor and Nicole Novielli and Alexander Serebrenik},
 number = {1},
 title = {An exploratory study on confusion in code reviews.},
 venue = {Empirical Software Engineering},
 volume = {26}
}

@article{ErnCarMén21,
 author = {Neil A. Ernst and Jeffrey C. Carver and Daniel Méndez and Marco Torchiano},
 number = {5},
 title = {Understanding peer review of software engineering papers.},
 venue = {Empirical Software Engineering},
 volume = {26}
}

@article{FanXiaLo21,
 author = {Yuanrui Fan and Xin Xia and David Lo and Ahmed E. Hassan and Shanping Li},
 number = {1},
 title = {What makes a popular academic AI repository?},
 venue = {Empirical Software Engineering},
 volume = {26}
}

@article{FouAda21,
 author = {Armstrong Foundjem and Bram Adams},
 number = {3},
 title = {Release synchronization in software ecosystems.},
 venue = {Empirical Software Engineering},
 volume = {26}
}

@article{GarOrgAla21,
 author = {Boni García and Mario Muñoz Organero and Carlos Alario-Hoyos and Carlos Delgado Kloos},
 number = {5},
 title = {Automated driver management for selenium WebDriver.},
 venue = {Empirical Software Engineering},
 volume = {26}
}

@article{GhaWalNek21,
 author = {Gharib Gharibi and Vijay Walunj and Raju Nekadi and Raj Marri and Yugyung Lee},
 number = {2},
 title = {Automated end-to-end management of the modeling lifecycle in deep learning.},
 venue = {Empirical Software Engineering},
 volume = {26}
}

@article{GotSchSch21,
 author = {Christoph Gote and Ingo Scholtes and Frank Schweitzer},
 number = {4},
 title = {Analysing Time-Stamped Co-Editing Networks in Software Development Teams using git2net.},
 venue = {Empirical Software Engineering},
 volume = {26}
}

@article{GreKalEng21,
 author = {Alexander Grebhahn and Christian Kaltenecker and Christian Engwer and Norbert Siegmund and Sven Apel},
 number = {2},
 title = {Lightweight, semi-automatic variability extraction: a case study on scientific computing.},
 venue = {Empirical Software Engineering},
 volume = {26}
}

@article{HaaCruHui21,
 author = {Mark Haakman and Luis Cruz and Hennie Huijgens and Arie van Deursen},
 number = {5},
 title = {AI lifecycle models need to be revised.},
 venue = {Empirical Software Engineering},
 volume = {26}
}

@article{HaqShiNej21,
 author = {Fitash Ul Haq and Donghwan Shin and Shiva Nejati and Lionel Claude Briand},
 number = {5},
 title = {Can Offline Testing of Deep Neural Networks Replace Their Online Testing?},
 venue = {Empirical Software Engineering},
 volume = {26}
}

@article{HasIqbIsl21,
 author = {Masum Hasan and Anindya Iqbal and Mohammad Rafid Ul Islam and A. J. M. Imtiajur Rahman and Amiangshu Bosu},
 number = {6},
 title = {Using a balanced scorecard to identify opportunities to improve code review effectiveness: an industrial experience report.},
 venue = {Empirical Software Engineering},
 volume = {26}
}

@article{HatWaiMom21,
 author = {Majid Hatamian and Samuel Wairimu and Nurul Momen and Lothar Fritsch},
 number = {3},
 title = {A privacy and security analysis of early-deployed COVID-19 contact tracing Android apps.},
 venue = {Empirical Software Engineering},
 volume = {26}
}

@article{HoyAbdMuj21,
 author = {Juan Hoyos and Rabe Abdalkareem and Suhaib Mujahid and Emad Shihab and Albeiro Espinosa Bedoya},
 number = {1},
 title = {On the Removal of Feature Toggles.},
 venue = {Empirical Software Engineering},
 volume = {26}
}

@article{IbrSayHas21,
 author = {Md Hasan Ibrahim and Mohammed Sayagh and Ahmed E. Hassan},
 number = {6},
 title = {A study of how Docker Compose is used to compose multi-component systems.},
 venue = {Empirical Software Engineering},
 volume = {26}
}

@article{IzaHeyGou21,
 author = {Maliheh Izadi and Abbas Heydarnoori and Georgios Gousios},
 number = {5},
 title = {Topic recommendation for software repositories using multi-label classification algorithms.},
 venue = {Empirical Software Engineering},
 volume = {26}
}

@article{KamBez21,
 author = {Arthur V. Kamienski and Cor-Paul Bezemer},
 number = {5},
 title = {An empirical study of Q&amp;A websites for game developers.},
 venue = {Empirical Software Engineering},
 volume = {26}
}

@article{KarBehRod21,
 author = {Pertti Karhapää and Woubshet Behutiye and Pilar Rodríguez and Markku Oivo and Dolors Costal and Xavier Franch and Sanja Aaramaa and Michal Choras and Jari Partanen and Antonin Abherve},
 number = {2},
 title = {Strategies to manage quality requirements in agile software development: a multiple case study.},
 venue = {Empirical Software Engineering},
 volume = {26}
}

@article{KerRahKho21,
 author = {Zeinab Azadeh Kermansaravi and Md. Saidur Rahman and Foutse Khomh and Fehmi Jaafar and Yann-Gaël Guéhéneuc},
 number = {1},
 title = {Investigating design anti-pattern and design pattern mutations and their change- and fault-proneness.},
 venue = {Empirical Software Engineering},
 volume = {26}
}

@article{KimCheYan21,
 author = {Dong Jae Kim and Tse-Hsun (Peter) Chen and Jinqiu Yang},
 number = {5},
 title = {The secret life of test smells - an empirical study on test smell evolution and maintenance.},
 venue = {Empirical Software Engineering},
 volume = {26}
}

@article{KimLee21,
 author = {Misoo Kim and Eunseok Lee},
 number = {3},
 title = {Are datasets for information retrieval-based bug localization techniques trustworthy?},
 venue = {Empirical Software Engineering},
 volume = {26}
}

@article{KuiKriKrü21,
 author = {Elias Kuiter and Sebastian Krieter and Jacob Krüger and Gunter Saake and Thomas Leich},
 number = {2},
 title = {variED: an editor for collaborative, real-time feature modeling.},
 venue = {Empirical Software Engineering},
 volume = {26}
}

@article{KuuMänCla21,
 author = {Miikka Kuutila and Mika Mäntylä and Maëlick Claes and Marko Elovainio and Bram Adams},
 number = {5},
 title = {Individual differences limit predicting well-being and productivity using software repositories: a longitudinal industrial study.},
 venue = {Empirical Software Engineering},
 volume = {26}
}

@article{LaaBasSal21,
 author = {Christoph Laaber and Mikael Basmaci and Pasquale Salza},
 number = {5},
 title = {Predicting unstable software benchmarks using static source code features.},
 venue = {Empirical Software Engineering},
 volume = {26}
}

@article{LaaGalLei21,
 author = {Christoph Laaber and Harald C. Gall and Philipp Leitner},
 number = {6},
 title = {Applying test case prioritization to software microbenchmarks.},
 venue = {Empirical Software Engineering},
 volume = {26}
}

@article{LevFei21,
 author = {Omer Levy and Dror G. Feitelson},
 number = {3},
 title = {Understanding large-scale software systems - structure and flows.},
 venue = {Empirical Software Engineering},
 volume = {26}
}

@article{LiDiaGao21,
 author = {Boyuan Li and Xiaoxu Diao and Wei Gao and Carol S. Smidts},
 number = {5},
 title = {A requirements inspection method based on scenarios generated by model mutation and the experimental validation.},
 venue = {Empirical Software Engineering},
 volume = {26}
}

@article{LieCha21,
 author = {Grischa Liebel and Shalini Chakraborty},
 number = {3},
 title = {Ethical issues in empirical studies using student subjects: Re-visiting practices and perceptions.},
 venue = {Empirical Software Engineering},
 volume = {26}
}

@article{LimRocBez21,
 author = {Luan P. Lima and Lincoln S. Rocha and Carla I. M. Bezerra and Matheus Paixão},
 number = {4},
 title = {Assessing exception handling testing practices in open-source libraries.},
 venue = {Empirical Software Engineering},
 volume = {26}
}

@article{LinKrüHer21,
 author = {Robert Lindohf and Jacob Krüger and Erik Herzog and Thorsten Berger},
 number = {2},
 title = {Software product-line evaluation in the large.},
 venue = {Empirical Software Engineering},
 volume = {26}
}

@article{LiuHuaXia21,
 author = {Jiakun Liu and Qiao Huang and Xin Xia and Emad Shihab and David Lo and Shanping Li},
 number = {2},
 title = {An exploratory study on the introduction and removal of different types of technical debt in deep learning frameworks.},
 venue = {Empirical Software Engineering},
 volume = {26}
}

@article{LiuYuLi21,
 author = {Haoran Liu and Yue Yu and Shanshan Li and Mingyang Geng and Xiaoguang Mao and Xiangke Liao},
 number = {6},
 title = {How to cherry pick the bug report for better summarization?},
 venue = {Empirical Software Engineering},
 volume = {26}
}

@article{LyuWanZha21,
 author = {Chen Lyu and Ruyun Wang and Hongyu Zhang and Hanwen Zhang and Songlin Hu},
 number = {4},
 title = {Embedding API dependency graph for neural code generation.},
 venue = {Empirical Software Engineering},
 volume = {26}
}

@article{MaAliYue21,
 author = {Tao Ma and Shaukat Ali and Tao Yue},
 number = {3},
 title = {Testing self-healing cyber-physical systems under uncertainty with reinforcement learning: an empirical study.},
 venue = {Empirical Software Engineering},
 volume = {26}
}

@article{MacBeyMcI21,
 author = {Christian Macho and Stefanie Beyer and Shane McIntosh and Martin Pinzger},
 number = {3},
 title = {The nature of build changes.},
 venue = {Empirical Software Engineering},
 volume = {26}
}

@article{MaDeyBog21,
 author = {Yuxing Ma and Tapajit Dey and Chris Bogart and Sadika Amreen and Marat Valiev and Adam Tutko and David Kennard and Russell Zaretzki and Audris Mockus},
 number = {2},
 title = {World of code: enabling a research workflow for mining and analyzing the universe of open source VCS data.},
 venue = {Empirical Software Engineering},
 volume = {26}
}

@article{MahDreWil21,
 author = {Rezvan Mahdavi-Hezaveh and Jacob Dremann and Laurie A. Williams},
 number = {1},
 title = {Software development with feature toggles: practices used by practitioners.},
 venue = {Empirical Software Engineering},
 volume = {26}
}

@article{MaiTreHat21,
 author = {Rungroj Maipradit and Christoph Treude and Hideaki Hata and Kenichi Matsumoto},
 number = {3},
 title = {Correction to: Wait for it: identifying &quot;On-Hold&quot; self-admitted technical debt.},
 venue = {Empirical Software Engineering},
 volume = {26}
}

@article{MoeSmiPaa21,
 author = {Nils Brede Moe and Darja Smite and Maria Paasivaara and Casper Lassenius},
 number = {5},
 title = {Finding the sweet spot for organizational control and team autonomy in large-scale agile software development.},
 venue = {Empirical Software Engineering},
 volume = {26}
}

@article{MohSteSca21,
 author = {Mazen Mohamad and Jan-Philipp Steghöfer and Riccardo Scandariato},
 number = {4},
 title = {Security assurance cases - state of the art of an emerging approach.},
 venue = {Empirical Software Engineering},
 volume = {26}
}

@article{MonRoyRoy21,
 author = {Manishankar Mondal and Banani Roy and Chanchal K. Roy and Kevin A. Schneider},
 number = {1},
 title = {ID-correspondence: a measure for detecting evolutionary coupling.},
 venue = {Empirical Software Engineering},
 volume = {26}
}

@article{MorPolWie21,
 author = {João Pedro Moraes and Ivanilton Polato and Igor Wiese and Filipe Saraiva and Gustavo Pinto},
 number = {3},
 title = {From one to hundreds: multi-licensing in the JavaScript ecosystem.},
 venue = {Empirical Software Engineering},
 volume = {26}
}

@article{NasRob21,
 author = {Mathieu Nassif and Martin P. Robillard},
 number = {2},
 title = {Wikifying software artifacts.},
 venue = {Empirical Software Engineering},
 volume = {26}
}

@article{NguKemAbr21,
 author = {Anh Nguyen-Duc and Kai-Kristian Kemell and Pekka Abrahamsson},
 number = {5},
 title = {The entrepreneurial logic of startup software development: A study of 40 software startups.},
 venue = {Empirical Software Engineering},
 volume = {26}
}

@article{NovCalLan21,
 author = {Nicole Novielli and Fabio Calefato and Filippo Lanubile and Alexander Serebrenik},
 number = {4},
 title = {Assessment of off-the-shelf SE-specific sentiment analysis tools: An extended replication study.},
 venue = {Empirical Software Engineering},
 volume = {26}
}

@article{NugIslNak21,
 author = {Yusuf Sulistyo Nugroho and Syful Islam and Keitaro Nakasai and Ifraz Rehman and Hideaki Hata and Raula Gaikovina Kula and Meiyappan Nagappan and Kenichi Matsumoto},
 number = {6},
 title = {How are project-specific forums utilized? A study of participation, content, and sentiment in the Eclipse ecosystem.},
 venue = {Empirical Software Engineering},
 volume = {26}
}

@article{OliOliCas21,
 author = {Wellington Oliveira and Renato Oliveira and Fernando Castor and Gustavo Pinto and João Paulo Fernandes},
 number = {3},
 title = {Improving energy-efficiency by recommending Java collections.},
 venue = {Empirical Software Engineering},
 volume = {26}
}

@article{OlsRisBes21,
 author = {Jesper Olsson and Erik Risfelt and Terese Besker and Antonio Martini and Richard Torkar},
 number = {5},
 title = {Measuring affective states from technical debt.},
 venue = {Empirical Software Engineering},
 volume = {26}
}

@article{OlsWnuJan21,
 author = {Thomas Olsson and Krzysztof Wnuk and Slinger Jansen},
 number = {2},
 title = {A validated model for the scoping process of quality requirements: a multi-case study.},
 venue = {Empirical Software Engineering},
 volume = {26}
}

@article{PecPalLuc21,
 author = {Fabiano Pecorelli and Fabio Palomba and Andrea De Lucia},
 number = {2},
 title = {The Relation of Test-Related Factors to Software Quality: A Case Study on Apache Systems.},
 venue = {Empirical Software Engineering},
 volume = {26}
}

@article{PelYücMon21,
 author = {Florian Pellegrin and Zeynep Yücel and Akito Monden and Pattara Leelaprute},
 number = {5},
 title = {Task estimation for software company employees based on computer interaction logs.},
 venue = {Empirical Software Engineering},
 volume = {26}
}

@article{PerMatCou21,
 author = {Rui Pereira and Hugo Matalonga and Marco Couto and Fernando Castor and Bruno Cabral and Pedro Carvalho and Simão Melo de Sousa and João Paulo Fernandes},
 number = {3},
 title = {GreenHub: a large-scale collaborative dataset to battery consumption analysis of android devices.},
 venue = {Empirical Software Engineering},
 volume = {26}
}

@article{PetSawBac21,
 author = {Fernando Petrulio and Anand Ashok Sawant and Alberto Bacchelli},
 number = {6},
 title = {The indolent lambdification of Java.},
 venue = {Empirical Software Engineering},
 volume = {26}
}

@article{PimMurBra21,
 author = {João Felipe Pimentel and Leonardo Murta and Vanessa Braganholo and Juliana Freire},
 number = {4},
 title = {Understanding and improving the quality and reproducibility of Jupyter notebooks.},
 venue = {Empirical Software Engineering},
 volume = {26}
}

@article{PizAceOte21,
 author = {Sebastián Pizard and Fernando Acerenza and Ximena Otegui and Silvana Moreno and Diego Vallespir and Barbara A. Kitchenham},
 number = {3},
 title = {Training students in evidence-based software engineering and systematic reviews: a systematic review and empirical study.},
 venue = {Empirical Software Engineering},
 volume = {26}
}

@article{PraShaSha21,
 author = {Gede Artha Azriadi Prana and Abhishek Sharma and Lwin Khin Shar and Darius Foo and Andrew E. Santosa and Asankhaya Sharma and David Lo},
 number = {4},
 title = {Out of sight, out of mind? How vulnerable dependencies affect open-source projects.},
 venue = {Empirical Software Engineering},
 volume = {26}
}

@article{QuaLamAda21,
 author = {Sophia Quach and Maxime Lamothe and Bram Adams and Yasutaka Kamei and Weiyi Shang},
 number = {5},
 title = {Evaluating the impact of falsely detected performance bug-inducing changes in JIT models.},
 venue = {Empirical Software Engineering},
 volume = {26}
}

@article{QuaLamKam21,
 author = {Sophia Quach and Maxime Lamothe and Yasutaka Kamei and Weiyi Shang},
 number = {4},
 title = {An empirical study on the use of SZZ for identifying inducing changes of non-functional bugs.},
 venue = {Empirical Software Engineering},
 volume = {26}
}

@article{QuYin21,
 author = {Yu Qu and Heng Yin},
 number = {4},
 title = {Evaluating network embedding techniques&apos; performances in software bug prediction.},
 venue = {Empirical Software Engineering},
 volume = {26}
}

@article{RahKhoYea21,
 author = {Mohammad Masudur Rahman and Foutse Khomh and Shamima Yeasmin and Chanchal K. Roy},
 number = {6},
 title = {The forgotten role of search queries in IR-based bug localization: an empirical study.},
 venue = {Empirical Software Engineering},
 volume = {26}
}

@article{RamVarGal21,
 author = {Belén Ramos-Gutiérrez and Ángel Jesús Varela-Vaca and José A. Galindo and María Teresa Gómez López and David Benavides},
 number = {1},
 title = {Discovering configuration workflows from existing logs using process mining.},
 venue = {Empirical Software Engineering},
 volume = {26}
}

@article{RanPanLeu21,
 author = {Pooja Rani and Sebastiano Panichella and Manuel Leuenberger and Mohammad Ghafari and Oscar Nierstrasz},
 number = {5},
 title = {What do class comments tell us? An investigation of comment evolution and practices in Pharo Smalltalk.},
 venue = {Empirical Software Engineering},
 volume = {26}
}

@article{RazGeaExt21,
 author = {Abdul Razzaq and Andrew Le Gear and Chris Exton and Jim Buckley},
 number = {3},
 title = {Correction to: An empirical assessment of baseline feature location techniques.},
 venue = {Empirical Software Engineering},
 volume = {26}
}

@article{ReiAbrCru21,
 author = {Sofia Reis and Rui Abreu and Luis Cruz},
 number = {6},
 title = {Fixing vulnerabilities potentially hinders maintainability.},
 venue = {Empirical Software Engineering},
 volume = {26}
}

@article{RevDjuMen21,
 author = {Kate Revoredo and Djordje Djurica and Jan Mendling},
 number = {5},
 title = {A study into the practice of reporting software engineering experiments.},
 venue = {Empirical Software Engineering},
 volume = {26}
}

@article{RioSawAll21,
 author = {Timothée Riom and Arthur D. Sawadogo and Kevin Allix and Tegawendé F. Bissyandé and Naouel Moha and Jacques Klein},
 number = {3},
 title = {Revisiting the VCCFinder approach for the identification of vulnerability-contributing commits.},
 venue = {Empirical Software Engineering},
 volume = {26}
}

@article{RocRusSip21,
 author = {Juri Di Rocco and Davide Di Ruscio and Claudio Di Sipio and Phuong Thanh Nguyen and Riccardo Rubei},
 number = {4},
 title = {Development of recommendation systems for software engineering: the CROSSMINER experience.},
 venue = {Empirical Software Engineering},
 volume = {26}
}

@article{RodNadNag21,
 author = {Gema Rodríguez-Pérez and Reza Nadri and Meiyappan Nagappan},
 number = {5},
 title = {Perceived diversity in software engineering: a systematic literature review.},
 venue = {Empirical Software Engineering},
 volume = {26}
}

@article{RusHanAlt21,
 author = {Daniel Russo and Paul H. P. Hanel and Seraphina Altnickel and Niels van Berkel},
 number = {4},
 title = {Predictors of well-being and productivity among software professionals during the COVID-19 pandemic - a longitudinal study.},
 venue = {Empirical Software Engineering},
 volume = {26}
}

@article{SamAllBis21,
 author = {Jordan Samhi and Kevin Allix and Tegawendé F. Bissyandé and Jacques Klein},
 number = {4},
 title = {A first look at Android applications in Google Play related to COVID-19.},
 venue = {Empirical Software Engineering},
 volume = {26}
}

@article{SanVegDie21,
 author = {Adrian Santos and Sira Vegas and Oscar Dieste and Fernando Uyaguari and Ayse Tosun and Davide Fucci and Burak Turhan and Giuseppe Scanniello and Simone Romano and Itir Karac and Marco Kuhrmann and Vladimir Mandic and Robert Ramac and Dietmar Pfahl and Christian Engblom and Jarno Kyykka and Kerli Rungi and Carolina Palomeque and Jaroslav Spisak and Markku Oivo and Natalia Juristo},
 number = {3},
 title = {A family of experiments on test-driven development.},
 venue = {Empirical Software Engineering},
 volume = {26}
}

@article{SanVegOiv21,
 author = {Adrian Santos and Sira Vegas and Markku Oivo and Natalia Juristo},
 number = {1},
 title = {Comparing the results of replications in software engineering.},
 venue = {Empirical Software Engineering},
 volume = {26}
}

@article{ShaHodAmo21,
 author = {Yogeshwar Shastri and Rashina Hoda and Robert Amor},
 number = {1},
 title = {Spearheading agile: the role of the scrum master in agile projects.},
 venue = {Empirical Software Engineering},
 volume = {26}
}

@article{ShrNicFah21,
 author = {N. C. Shrikanth and William Nichols and Fahmid Morshed Fahid and Tim Menzies},
 number = {4},
 title = {Assessing practitioner beliefs about software engineering.},
 venue = {Empirical Software Engineering},
 volume = {26}
}

@article{ShuXiaChe21,
 author = {Rui Shu and Tianpei Xia and Jianfeng Chen and Laurie A. Williams and Tim Menzies},
 number = {3},
 title = {How to Better Distinguish Security Bug Reports (Using Dual Hyperparameter Optimization).},
 venue = {Empirical Software Engineering},
 volume = {26}
}

@article{SilGalGil21,
 author = {Camila Mariane C. Silva and Matthias Galster and Fabian Gilson},
 number = {6},
 title = {Topic modeling in software engineering research.},
 venue = {Empirical Software Engineering},
 volume = {26}
}

@article{SleSanSab21,
 author = {Amin Sleimi and Nicolas Sannier and Mehrdad Sabetzadeh and Lionel C. Briand and Marcello Ceci and John Dann},
 number = {3},
 title = {An automated framework for the extraction of semantic legal metadata from legal texts.},
 venue = {Empirical Software Engineering},
 volume = {26}
}

@article{SorKirBöh21,
 author = {Ezekiel O. Soremekun and Lukas Kirschner and Marcel Böhme and Andreas Zeller},
 number = {3},
 title = {Locating faults with program slicing: an empirical analysis.},
 venue = {Empirical Software Engineering},
 volume = {26}
}

@article{SorPan21,
 author = {Andrea Di Sorbo and Sebastiano Panichella},
 number = {4},
 title = {Exposed! A case study on the vulnerability-proneness of Google Play Apps.},
 venue = {Empirical Software Engineering},
 volume = {26}
}

@article{SotHarMon21,
 author = {César Soto-Valero and Nicolas Harrand and Martin Monperrus and Benoit Baudry},
 number = {3},
 title = {A comprehensive study of bloated dependencies in the Maven ecosystem.},
 venue = {Empirical Software Engineering},
 volume = {26}
}

@article{SpiHeiWag21,
 author = {Simone V. Spiegler and Christoph Heinecke and Stefan Wagner},
 number = {3},
 title = {An empirical study on changing leadership in agile teams.},
 venue = {Empirical Software Engineering},
 volume = {26}
}

@article{TahBenXia21,
 author = {Amjed Tahir and Kwabena Ebo Bennin and Xun Xiao and Stephen G. MacDonell},
 number = {5},
 title = {Does class size matter? An in-depth assessment of the effect of class size in software defect prediction.},
 venue = {Empirical Software Engineering},
 volume = {26}
}

@article{TanNad21,
 author = {Henry Tang and Sarah Nadi},
 number = {4},
 title = {On using Stack Overflow comment-edit pairs to recommend code maintenance changes.},
 venue = {Empirical Software Engineering},
 volume = {26}
}

@article{TemPerAch21,
 author = {Paul Temple and Gilles Perrouin and Mathieu Acher and Battista Biggio and Jean-Marc Jézéquel and Fabio Roli},
 number = {1},
 title = {Empirical assessment of generating adversarial configurations for software product lines.},
 venue = {Empirical Software Engineering},
 volume = {26}
}

@article{TiaMaWen21,
 author = {Yongqiang Tian and Shiqing Ma and Ming Wen and Yepang Liu and Shing-Chi Cheung and Xiangyu Zhang},
 number = {4},
 title = {To what extent do DNN-based image classification models make unreliable inferences?},
 venue = {Empirical Software Engineering},
 volume = {26}
}

@article{TimHerGou21,
 author = {Christopher Steven Timperley and Lauren Herckis and Claire Le Goues and Michael Hilton},
 number = {4},
 title = {Understanding and improving artifact sharing in software engineering research.},
 venue = {Empirical Software Engineering},
 volume = {26}
}

@article{TuaAssTan21,
 author = {Suppawong Tuarob and Noppadol Assavakamhaenghan and Waralee Tanaphantaruk and Ponlakit Suwanworaboon and Saeed-Ul Hassan and Morakot Choetkiertikul},
 number = {4},
 title = {Automatic team recommendation for collaborative software development.},
 venue = {Empirical Software Engineering},
 volume = {26}
}

@article{UddSabGué21,
 author = {Gias Uddin and Fatima Sabir and Yann-Gaël Guéhéneuc and Omar Alam and Foutse Khomh},
 number = {6},
 title = {An empirical study of IoT topics in IoT developer discussions on Stack Overflow.},
 venue = {Empirical Software Engineering},
 volume = {26}
}

@article{UlaLöwEri21,
 author = {Maria Ulan and Welf Löwe and Morgan Ericsson and Anna Wingkvist},
 number = {5},
 title = {Weighted software metrics aggregation and its application to defect prediction.},
 venue = {Empirical Software Engineering},
 volume = {26}
}

@article{VeiAlfTor21,
 author = {Alvaro Veizaga and Mauricio Alférez and Damiano Torre and Mehrdad Sabetzadeh and Lionel C. Briand},
 number = {4},
 title = {On systematically building a controlled natural language for functional requirements.},
 venue = {Empirical Software Engineering},
 volume = {26}
}

@article{VesPinLin21,
 author = {Andreea Vescan and Adrian Pintea and Lukas Linsbauer and Alexander Egyed},
 number = {4},
 title = {Genetic programming for feature model synthesis: a replication study.},
 venue = {Empirical Software Engineering},
 volume = {26}
}

@article{VitChe21,
 author = {Arthur Vitui and Tse-Hsun (Peter) Chen},
 number = {5},
 title = {MLASP: Machine learning assisted capacity planning.},
 venue = {Empirical Software Engineering},
 volume = {26}
}

@article{VitChe21a,
 author = {Arthur Vitui and Tse-Hsun (Peter) Chen},
 number = {5},
 title = {Correction to: MLASP: Machine learning assisted capacity planning. An industrial experience report.},
 venue = {Empirical Software Engineering},
 volume = {26}
}

@article{WanHeWan21,
 author = {Liu Wang and Ren He and Haoyu Wang and Pengcheng Xia and Yuanchun Li and Lei Wu and Yajin Zhou and Xiapu Luo and Yulei Sui and Yao Guo and Guoai Xu},
 number = {4},
 title = {Beyond the virus: a first look at coronavirus-themed Android malware.},
 venue = {Empirical Software Engineering},
 volume = {26}
}

@article{WanHuMa21,
 author = {Xiajing Wang and Changzhen Hu and Rui Ma and Donghai Tian and Jinyuan He},
 number = {1},
 title = {CMFuzz: context-aware adaptive mutation for fuzzers.},
 venue = {Empirical Software Engineering},
 volume = {26}
}

@article{WanKadRub21,
 author = {Yingying Wang and Harshavardhan Kadiyala and Julia Rubin},
 number = {4},
 title = {Promises and challenges of microservices: an exploratory study.},
 venue = {Empirical Software Engineering},
 volume = {26}
}

@article{WanXiaTho21,
 author = {Dong Wang and Tao Xiao and Patanamon Thongtanunam and Raula Gaikovina Kula and Kenichi Matsumoto},
 number = {5},
 title = {Understanding shared links and their intentions to meet information needs in modern code review.},
 venue = {Empirical Software Engineering},
 volume = {26}
}

@article{WuGaoLo21,
 author = {Daoyuan Wu and Debin Gao and David Lo},
 number = {1},
 title = {Scalable online vetting of Android apps for measuring declared SDK versions and their consistency with API calls.},
 venue = {Empirical Software Engineering},
 volume = {26}
}

@article{WuJinZha21,
 author = {Di Wu and Xiao-Yuan Jing and Hongyu Zhang and Bing Li and Yu Xie and Baowen Xu},
 number = {4},
 title = {Generating API tags for tutorial fragments from Stack Overflow.},
 venue = {Empirical Software Engineering},
 volume = {26}
}

@article{YanCheYed21,
 author = {Xueqi Yang and Jianfeng Chen and Rahul Yedida and Zhe Yu and Tim Menzies},
 number = {3},
 title = {Learning to recognize actionable static code warnings (is intrinsically easy).},
 venue = {Empirical Software Engineering},
 volume = {26}
}

@article{YanCuiSch21,
 author = {Nan Yang and Pieter J. L. Cuijpers and Ramon R. H. Schiffelers and Johan Lukkien and Alexander Serebrenik},
 number = {6},
 title = {Single-state state machines in model-driven software engineering: an exploratory study.},
 venue = {Empirical Software Engineering},
 volume = {26}
}

@article{YanLiuKim21,
 author = {Deheng Yang and Kui Liu and Dongsun Kim and Anil Koyuncu and Kisub Kim and Haoye Tian and Yan Lei and Xiaoguang Mao and Jacques Klein and Tegawendé F. Bissyandé},
 number = {6},
 title = {Where were the repair ingredients for Defects4j bugs?},
 venue = {Empirical Software Engineering},
 volume = {26}
}

@article{YatPowBuc21,
 author = {Rebecca Yates and Norah Power and Jim Buckley},
 number = {2},
 title = {Correction to: Characterizing the transfer of program comprehension in onboarding: an information-push perspective.},
 venue = {Empirical Software Engineering},
 volume = {26}
}

@article{YeMarMon21,
 author = {He Ye and Matias Martinez and Martin Monperrus},
 number = {2},
 title = {Automated patch assessment for program repair at scale.},
 venue = {Empirical Software Engineering},
 volume = {26}
}

@article{ZamFucSer21,
 author = {Fiorella Zampetti and Gianmarco Fucci and Alexander Serebrenik and Massimiliano Di Penta},
 number = {6},
 title = {Self-admitted technical debt practices: a comparison between industry and open-source.},
 venue = {Empirical Software Engineering},
 volume = {26}
}

@article{ZamHem21,
 author = {Shayan Zamani and Hadi Hemmati},
 number = {6},
 title = {A pragmatic approach for hyper-parameter tuning in search-based test case generation.},
 venue = {Empirical Software Engineering},
 volume = {26}
}

@article{ZerMenDec21,
 author = {Ahmed Zerouali and Tom Mens and Alexandre Decan and Jesús M. González-Barahona and Gregorio Robles},
 number = {2},
 title = {A multi-dimensional analysis of technical lag in Debian-based Docker images.},
 venue = {Empirical Software Engineering},
 volume = {26}
}

@article{ZhaMarArc21,
 author = {Man Zhang and Bogdan Marculescu and Andrea Arcuri},
 number = {4},
 title = {Resource and dependency based test case generation for RESTful Web services.},
 venue = {Empirical Software Engineering},
 volume = {26}
}

@article{ZhoLiSun21,
 author = {Cheng Zhou and Bin Li and Xiaobing Sun and Lili Bo},
 number = {6},
 title = {Why and what happened? Aiding bug comprehension with automated category and causal link identification.},
 venue = {Empirical Software Engineering},
 volume = {26}
}

@article{ZhoWanZha21,
 author = {Jiayuan Zhou and Shaowei Wang and Haoxiang Zhang and Tse-Hsun (Peter) Chen and Ahmed E. Hassan},
 number = {4},
 title = {Studying backers and hunters in bounty issue addressing process of open source projects.},
 venue = {Empirical Software Engineering},
 volume = {26}
}
