@article{AbdMujShi21,
 author = {Rabe Abdalkareem and Suhaib Mujahid and Emad Shihab},
 number = {12},
 title = {A Machine Learning Approach to Improve the Detection of CI Skip Commits.},
 venue = {IEEE Transactions on Software Engineering},
 volume = {47}
}

@article{AbdMujShi21a,
 author = {Rabe Abdalkareem and Suhaib Mujahid and Emad Shihab and Juergen Rilling},
 number = {3},
 title = {Which Commits Can Be CI Skipped?},
 venue = {IEEE Transactions on Software Engineering},
 volume = {47}
}

@article{AfzMotSto21,
 author = {Afsoon Afzal and Manish Motwani and Kathryn T. Stolee and Yuriy Brun and Claire Le Goues},
 number = {10},
 title = {SOSRepair: Expressive Semantic Search for Real-World Program Repair.},
 venue = {IEEE Transactions on Software Engineering},
 volume = {47}
}

@article{AghBavLin21,
 author = {Emad Aghajani and Gabriele Bavota and Mario Linares-Vásquez and Michele Lanza},
 number = {1},
 title = {Automated Documentation of Android Apps.},
 venue = {IEEE Transactions on Software Engineering},
 volume = {47}
}

@article{AgrFuChe21,
 author = {Amritanshu Agrawal and Wei Fu and Di Chen and Xipeng Shen and Tim Menzies},
 number = {10},
 title = {How to &quot;DODGE&quot; Complex Software Analytics.},
 venue = {IEEE Transactions on Software Engineering},
 volume = {47}
}

@article{Al-SarBla21,
 author = {Afnan A. Al-Subaihin and Federica Sarro and Sue Black and Licia Capra and Mark Harman},
 number = {2},
 title = {App Store Effects on Software Engineering Practices.},
 venue = {IEEE Transactions on Software Engineering},
 volume = {47}
}

@article{AliLaiLuo21,
 author = {Karim Ali and Xiaoni Lai and Zhaoyi Luo and Ondrej Lhoták and Julian Dolby and Frank Tip},
 number = {12},
 title = {A Study of Call Graph Construction for JVM-Hosted Languages.},
 venue = {IEEE Transactions on Software Engineering},
 volume = {47}
}

@article{AmeFraGóm21,
 author = {David Ameller and Xavier Franch and Cristina Gómez and Silverio Martínez-Fernández and João Araújo and Stefan Biffl and Jordi Cabot and Vittorio Cortellessa and Daniel Méndez Fernández and Ana Moreira and Henry Muccini and Antonio Vallecillo and Manuel Wimmer and Vasco Amaral and Wolfgang Böhm and Hugo Brunelière and Loli Burgueño and Miguel Goulão and Sabine Teufl and Luca Berardinelli},
 number = {4},
 title = {Dealing with Non-Functional Requirements in Model-Driven Development: A Survey.},
 venue = {IEEE Transactions on Software Engineering},
 volume = {47}
}

@article{AndSchCrn21,
 author = {Hugo Sica de Andrade and Jan Schroeder and Ivica Crnkovic},
 number = {8},
 title = {Software Deployment on Heterogeneous Platforms: A Systematic Mapping Study.},
 venue = {IEEE Transactions on Software Engineering},
 volume = {47}
}

@article{AquDenPez21,
 author = {Andrea Aquino and Giovanni Denaro and Mauro Pezzè},
 number = {5},
 title = {Reusing Solutions Modulo Theories.},
 venue = {IEEE Transactions on Software Engineering},
 volume = {47}
}

@article{BaoXiaLo21,
 author = {Lingfeng Bao and Xin Xia and David Lo and Gail C. Murphy},
 number = {6},
 title = {A Large Scale Study of Long-Time Contributor Prediction for GitHub Projects.},
 venue = {IEEE Transactions on Software Engineering},
 volume = {47}
}

@article{BarLerSal21,
 author = {Gianluca Barbon and Vincent Leroy and Gwen Salaün},
 number = {6},
 title = {Debugging of Behavioural Models using Counterexample Analysis.},
 venue = {IEEE Transactions on Software Engineering},
 volume = {47}
}

@article{BarLevQua21,
 author = {Luciano Baresi and Alberto Leva and Giovanni Quattrocchi},
 number = {8},
 title = {Fine-Grained Dynamic Resource Allocation for Big-Data Applications.},
 venue = {IEEE Transactions on Software Engineering},
 volume = {47}
}

@article{BerMirPie21,
 author = {Antonia Bertolino and Breno Miranda and Roberto Pietrantuono and Stefano Russo},
 number = {5},
 title = {Adaptive Test Case Allocation, Selection and Generation Using Coverage Spectrum and Operational Profile.},
 venue = {IEEE Transactions on Software Engineering},
 volume = {47}
}

@article{ButGamLun21,
 author = {Simon Butler and Jonas Gamalielsson and Björn Lundell and Christoffer Brax and Johan Sjöberg and Anders Mattsson and Tomas Gustavsson and Jonas Feist and Erik Lönroth},
 number = {7},
 title = {On Company Contributions to Community Open Source Software Projects.},
 venue = {IEEE Transactions on Software Engineering},
 volume = {47}
}

@article{CaiRyd21,
 author = {Haipeng Cai and Barbara G. Ryder},
 number = {12},
 title = {A Longitudinal Study of Application Structure and Behaviors in Android.},
 venue = {IEEE Transactions on Software Engineering},
 volume = {47}
}

@article{CalPatJoh21,
 author = {Radu Calinescu and Colin Paterson and Kenneth Johnson},
 number = {6},
 title = {Efficient Parametric Model Checking Using Domain Knowledge.},
 venue = {IEEE Transactions on Software Engineering},
 volume = {47}
}

@article{CheCheZha21,
 author = {Xiang Chen and Chunyang Chen and Dun Zhang and Zhenchang Xing},
 number = {9},
 title = {SEthesaurus: WordNet in Software Engineering.},
 venue = {IEEE Transactions on Software Engineering},
 volume = {47}
}

@article{CheJinLi21,
 author = {Haowen Chen and Xiao-Yuan Jing and Zhiqiang Li and Di Wu and Yi Peng and Zhiguo Huang},
 number = {12},
 title = {An Empirical Study on Heterogeneous Defect Prediction Approaches.},
 venue = {IEEE Transactions on Software Engineering},
 volume = {47}
}

@article{CheKomTuf21,
 author = {Zimin Chen and Steve Kommrusch and Michele Tufano and Louis-Noël Pouchet and Denys Poshyvanyk and Martin Monperrus},
 number = {9},
 title = {SequenceR: Sequence-to-Sequence Learning for End-to-End Program Repair.},
 venue = {IEEE Transactions on Software Engineering},
 volume = {47}
}

@article{ChePeiFur21,
 author = {Liushan Chen and Yu Pei and Carlo A. Furia},
 number = {12},
 title = {Contract-Based Program Repair Without The Contracts: An Extended Study.},
 venue = {IEEE Transactions on Software Engineering},
 volume = {47}
}

@article{CheWanHao21,
 author = {Junjie Chen and Guancheng Wang and Dan Hao and Yingfei Xiong and Hongyu Zhang and Lu Zhang and Bing Xie},
 number = {2},
 title = {Coverage Prediction for Accelerating Compiler Testing.},
 venue = {IEEE Transactions on Software Engineering},
 volume = {47}
}

@article{CheXinLiu21,
 author = {Chunyang Chen and Zhenchang Xing and Yang Liu and Kent Ong Long Xiong},
 number = {3},
 title = {Mining Likely Analogical APIs Across Third-Party Libraries via Large-Scale Unsupervised API Semantics Embedding.},
 venue = {IEEE Transactions on Software Engineering},
 volume = {47}
}

@article{CosBezLei21,
 author = {Diego Costa and Cor-Paul Bezemer and Philipp Leitner and Artur Andrzejak},
 number = {7},
 title = {What&apos;s Wrong with My Benchmark Results? Studying Bad Practices in JMH Benchmarks.},
 venue = {IEEE Transactions on Software Engineering},
 volume = {47}
}

@article{CosFigPim21,
 author = {Catarina Costa and Jair Figueiredo and João Felipe Pimentel and Anita Sarma and Leonardo Murta},
 number = {6},
 title = {Recommending Participants for Collaborative Merge Sessions.},
 venue = {IEEE Transactions on Software Engineering},
 volume = {47}
}

@article{CruAbr21,
 author = {Luis Cruz and Rui Abreu},
 number = {10},
 title = {On the Energy Footprint of Mobile Testing Frameworks.},
 venue = {IEEE Transactions on Software Engineering},
 volume = {47}
}

@article{CôgOliHas21,
 author = {Filipe Roseiro Côgo and Gustavo Ansaldi Oliva and Ahmed E. Hassan},
 number = {11},
 title = {An Empirical Study of Dependency Downgrades in the npm Ecosystem.},
 venue = {IEEE Transactions on Software Engineering},
 volume = {47}
}

@article{DamTraPha21,
 author = {Hoa Khanh Dam and Truyen Tran and Trang Pham and Shien Wee Ng and John Grundy and Aditya Ghose},
 number = {1},
 title = {Automatic Feature Learning for Predicting Vulnerable Software Components.},
 venue = {IEEE Transactions on Software Engineering},
 volume = {47}
}

@article{DanHerBod21,
 author = {Andreas Dann and Ben Hermann and Eric Bodden},
 number = {8},
 title = {ModGuard : Identifying Integrity &amp; Confidentiality Violations in Java Modules.},
 venue = {IEEE Transactions on Software Engineering},
 volume = {47}
}

@article{DecMen21,
 author = {Alexandre Decan and Tom Mens},
 number = {6},
 title = {What Do Package Dependencies Tell Us About Semantic Versioning?},
 venue = {IEEE Transactions on Software Engineering},
 volume = {47}
}

@article{EbnKli21,
 author = {Ali Ebnenasir and Alex P. Klinkhamer},
 number = {3},
 title = {Topology-Specific Synthesis of Self-Stabilizing Parameterized Systems with Constant-Space Processes.},
 venue = {IEEE Transactions on Software Engineering},
 volume = {47}
}

@article{El-Boc21,
 author = {Khaled El-Fakih and Gregor v. Bochmann},
 number = {1},
 title = {Symbolic Refinement of Extended State Machines with Applications to the Automatic Derivation of Sub-Components and Controllers.},
 venue = {IEEE Transactions on Software Engineering},
 volume = {47}
}

@article{El-HieTür21,
 author = {Khaled El-Fakih and Robert M. Hierons and Uraz Cengiz Türker},
 number = {5},
 title = {$\mathcal K$K-Branching UIO Sequences for Partially Specified Observable Non-Deterministic FSMs.},
 venue = {IEEE Transactions on Software Engineering},
 volume = {47}
}

@article{FanXiaCos21,
 author = {Yuanrui Fan and Xin Xia and Daniel Alencar da Costa and David Lo and Ahmed E. Hassan and Shanping Li},
 number = {8},
 title = {The Impact of Mislabeled Changes by SZZ on Just-in-Time Defect Prediction.},
 venue = {IEEE Transactions on Software Engineering},
 volume = {47}
}

@article{FarBarTra21,
 author = {Fábio de Almeida Farzat and Márcio de Oliveira Barros and Guilherme H. Travassos},
 number = {8},
 title = {Evolving JavaScript Code to Reduce Load Time.},
 venue = {IEEE Transactions on Software Engineering},
 volume = {47}
}

@article{FowTiaHer21,
 author = {Farhaan Fowze and Dave Tian and Grant Hernandez and Kevin R. B. Butler and Tuba Yavuz},
 number = {9},
 title = {ProXray: Protocol Model Learning and Guided Firmware Analysis.},
 venue = {IEEE Transactions on Software Engineering},
 volume = {47}
}

@article{FurFelTor21,
 author = {Carlo A. Furia and Robert Feldt and Richard Torkar},
 number = {9},
 title = {Bayesian Data Analysis in Empirical Software Engineering Research.},
 venue = {IEEE Transactions on Software Engineering},
 volume = {47}
}

@article{GaoJiaLiu21,
 author = {Jian Gao and Yu Jiang and Zhe Liu and Xin Yang and Cong Wang and Xun Jiao and Zijiang Yang and Jiaguang Sun},
 number = {11},
 title = {Semantic Learning and Emulation Based Cross-Platform Binary Vulnerability Seeker.},
 venue = {IEEE Transactions on Software Engineering},
 volume = {47}
}

@article{GaoJiaXia21,
 author = {Zhipeng Gao and Lingxiao Jiang and Xin Xia and David Lo and John Grundy},
 number = {12},
 title = {Checking Smart Contracts With Structural Code Embedding.},
 venue = {IEEE Transactions on Software Engineering},
 volume = {47}
}

@article{GavSarHar21,
 author = {Carlos Gavidia-Calderon and Federica Sarro and Mark Harman and Earl T. Barr},
 number = {10},
 title = {The Assessor&apos;s Dilemma: Improving Bug Repair via Empirical Game Theory.},
 venue = {IEEE Transactions on Software Engineering},
 volume = {47}
}

@article{GhaCosZou21,
 author = {Taher Ahmed Ghaleb and Daniel Alencar da Costa and Ying Zou and Ahmed E. Hassan},
 number = {9},
 title = {Studying the Impact of Noises in Build Breakage Data.},
 venue = {IEEE Transactions on Software Engineering},
 volume = {47}
}

@article{GhaWhaGac21,
 author = {Elaheh Ghassabani and Michael W. Whalen and Andrew Gacek and Mats Per Erik Heimdahl},
 number = {2},
 title = {Inductive Validity Cores.},
 venue = {IEEE Transactions on Software Engineering},
 volume = {47}
}

@article{GraLaaPan21,
 author = {Giovanni Grano and Christoph Laaber and Annibale Panichella and Sebastiano Panichella},
 number = {11},
 title = {Testing with Fewer Resources: An Adaptive Approach to Performance-Aware Test Case Generation.},
 venue = {IEEE Transactions on Software Engineering},
 volume = {47}
}

@article{GraPalGal21,
 author = {Giovanni Grano and Fabio Palomba and Harald C. Gall},
 number = {4},
 title = {Lightweight Assessment of Test-Case Effectiveness Using Source-Code-Quality Indicators.},
 venue = {IEEE Transactions on Software Engineering},
 volume = {47}
}

@article{HeiBuy21,
 author = {Safiollah Heidari and Rajkumar Buyya},
 number = {8},
 title = {A Cost-Efficient Auto-Scaling Algorithm for Large-Scale Graph Processing in Cloud Environments with Heterogeneous Resources.},
 venue = {IEEE Transactions on Software Engineering},
 volume = {47}
}

@article{HeiStrReu21,
 author = {Robert Heinrich and Misha Strittmatter and Ralf H. Reussner},
 number = {4},
 title = {A Layered Reference Architecture for Metamodels to Tailor Quality Modeling and Analysis.},
 venue = {IEEE Transactions on Software Engineering},
 volume = {47}
}

@article{Herbold21,
 author = {Steffen Herbold},
 number = {11},
 title = {On the Costs and Profit of Software Defect Prediction.},
 venue = {IEEE Transactions on Software Engineering},
 volume = {47}
}

@article{HoaLawTia21,
 author = {Thong Hoang and Julia Lawall and Yuan Tian and Richard Jayadi Oentaryo and David Lo},
 number = {11},
 title = {PatchNet: Hierarchical Deep Learning-Based Stable Patch Identification for the Linux Kernel.},
 venue = {IEEE Transactions on Software Engineering},
 volume = {47}
}

@article{HuaSunXu21,
 author = {Rubing Huang and Weifeng Sun and Yinyin Xu and Haibo Chen and Dave Towey and Xin Xia},
 number = {10},
 title = {A Survey on Adaptive Random Testing.},
 venue = {IEEE Transactions on Software Engineering},
 volume = {47}
}

@article{HuoThuLi21,
 author = {Xuan Huo and Ferdian Thung and Ming Li and David Lo and Shu-Ting Shi},
 number = {7},
 title = {Deep Transfer Bug Localization.},
 venue = {IEEE Transactions on Software Engineering},
 volume = {47}
}

@article{HuWanZha21,
 author = {Yikun Hu and Hui Wang and Yuanyuan Zhang and Bodong Li and Dawu Gu},
 number = {6},
 title = {A Semantics-Based Hybrid Approach on Binary Code Similarity Comparison.},
 venue = {IEEE Transactions on Software Engineering},
 volume = {47}
}

@article{IyeYunNag21,
 author = {Rahul N. Iyer and S. Alex Yun and Meiyappan Nagappan and Jesse Hoey},
 number = {11},
 title = {Effects of Personality Traits on Pull Request Acceptance.},
 venue = {IEEE Transactions on Software Engineering},
 volume = {47}
}

@article{JahClaHar21,
 author = {Gunel Jahangirova and David Clark and Mark Harman and Paolo Tonella},
 number = {8},
 title = {An Empirical Validation of Oracle Improvement.},
 venue = {IEEE Transactions on Software Engineering},
 volume = {47}
}

@article{JalKam21,
 author = {Pankaj Jalote and Damodaram Kamma},
 number = {4},
 title = {Studying Task Processes for Improving Programmer Productivity.},
 venue = {IEEE Transactions on Software Engineering},
 volume = {47}
}

@article{JiaTanHas21,
 author = {Jirayus Jiarpakdee and Chakkrit Tantithamthavorn and Ahmed E. Hassan},
 number = {2},
 title = {The Impact of Correlated Metrics on the Interpretation of Defect Models.},
 venue = {IEEE Transactions on Software Engineering},
 volume = {47}
}

@article{JiaZhaZha21,
 author = {Shujuan Jiang and Miao Zhang and Yanmei Zhang and Rongcun Wang and Qiao Yu and Jacky Wai Keung},
 number = {7},
 title = {An Integration Test Order Strategy to Consider Control Coupling.},
 venue = {IEEE Transactions on Software Engineering},
 volume = {47}
}

@article{JinLiuCai21,
 author = {Wuxia Jin and Ting Liu and Yuanfang Cai and Rick Kazman and Ran Mo and Qinghua Zheng},
 number = {5},
 title = {Service Candidate Identification from Monolithic Systems Based on Execution Traces.},
 venue = {IEEE Transactions on Software Engineering},
 volume = {47}
}

@article{JohZimBir21,
 author = {Brittany Johnson and Thomas Zimmermann and Christian Bird},
 number = {4},
 title = {The Effect of Work Environments on Productivity and Satisfaction of Software Engineers.},
 venue = {IEEE Transactions on Software Engineering},
 volume = {47}
}

@article{JørBerLie21,
 author = {Magne Jørgensen and Gunnar Rye Bergersen and Knut Liestøl},
 number = {12},
 title = {Relations Between Effort Estimates, Skill Indicators, and Measured Programming Skill.},
 venue = {IEEE Transactions on Software Engineering},
 volume = {47}
}

@article{KapCha21,
 author = {Georgia M. Kapitsaki and Georgia Charalambous},
 number = {5},
 title = {Modeling and Recommending Open Source Licenses with findOSSLicense.},
 venue = {IEEE Transactions on Software Engineering},
 volume = {47}
}

@article{KarTurJur21,
 author = {Itir Karac and Burak Turhan and Natalia Juristo},
 number = {7},
 title = {A Controlled Experiment with Novice Developers on the Impact of Task Description Granularity on Software Quality in Test-Driven Development.},
 venue = {IEEE Transactions on Software Engineering},
 volume = {47}
}

@article{KloUntCha21,
 author = {Eriks Klotins and Michael Unterkalmsteiner and Panagiota Chatzipetrou and Tony Gorschek and Rafael Prikladnicki and Nirnaya Tripathi and Leandro Bento Pompermaier},
 number = {3},
 title = {A Progression Model of Software Engineering Goals, Challenges, and Practices in Start-Ups.},
 venue = {IEEE Transactions on Software Engineering},
 volume = {47}
}

@article{KocKalNag21,
 author = {Pavneet Singh Kochhar and Eirini Kalliamvakou and Nachiappan Nagappan and Thomas Zimmermann and Christian Bird},
 number = {9},
 title = {Moving from Closed to Open Source: Observations from Six Transitioned Projects to GitHub.},
 venue = {IEEE Transactions on Software Engineering},
 volume = {47}
}

@article{KocSchJan21,
 author = {Patrick W. Koch and Konstantin Schekotihin and Dietmar Jannach and Birgit Hofer and Franz Wotawa},
 number = {10},
 title = {Metric-Based Fault Prediction for Spreadsheets.},
 venue = {IEEE Transactions on Software Engineering},
 volume = {47}
}

@article{KriNaiJam21,
 author = {Rahul Krishna and Vivek Nair and Pooyan Jamshidi and Tim Menzies},
 number = {12},
 title = {Whence to Learn? Transferring Knowledge in Configurable Systems Using BEETLE.},
 venue = {IEEE Transactions on Software Engineering},
 volume = {47}
}

@article{KrüSpäAli21,
 author = {Stefan Krüger and Johannes Späth and Karim Ali and Eric Bodden and Mira Mezini},
 number = {11},
 title = {CrySL: An Extensible Approach to Validating the Correct Usage of Cryptographic APIs.},
 venue = {IEEE Transactions on Software Engineering},
 volume = {47}
}

@article{LeeWuChe21,
 author = {Seonah Lee and Rongxin Wu and Shing-Chi Cheung and Sungwon Kang},
 number = {4},
 title = {Automatic Detection and Update Suggestion for Outdated API Names in Documentation.},
 venue = {IEEE Transactions on Software Engineering},
 volume = {47}
}

@article{LiBisKle21,
 author = {Li Li and Tegawendé F. Bissyandé and Jacques Klein},
 number = {4},
 title = {Rebooting Research on Detecting Repackaged Android Apps: Literature Review and Benchmark.},
 venue = {IEEE Transactions on Software Engineering},
 volume = {47}
}

@article{LiShaAda21,
 author = {Heng Li and Weiyi Shang and Bram Adams and Mohammed Sayagh and Ahmed E. Hassan},
 number = {12},
 title = {A Qualitative Study of the Benefits and Costs of Logging From Developers&apos; Perspectives.},
 venue = {IEEE Transactions on Software Engineering},
 volume = {47}
}

@article{LiuJinXu21,
 author = {Hui Liu and Jiahao Jin and Zhifeng Xu and Yanzhen Zou and Yifan Bu and Lu Zhang},
 number = {9},
 title = {Deep Learning Based Code Smell Detection.},
 venue = {IEEE Transactions on Software Engineering},
 volume = {47}
}

@article{LiuKimBis21,
 author = {Kui Liu and Dongsun Kim and Tegawendé F. Bissyandé and Shin Yoo and Yves Le Traon},
 number = {1},
 title = {Mining Fix Patterns for FindBugs Violations.},
 venue = {IEEE Transactions on Software Engineering},
 volume = {47}
}

@article{LiuXiaLo21,
 author = {Zhongxin Liu and Xin Xia and David Lo and Zhenchang Xing and Ahmed E. Hassan and Shanping Li},
 number = {9},
 title = {Which Variables Should I Log?},
 venue = {IEEE Transactions on Software Engineering},
 volume = {47}
}

@article{LivKhaPin21,
 author = {Giovanni Liva and Muhammad Taimoor Khan and Martin Pinzger and Francesco Spegni and Luca Spalazzi},
 number = {11},
 title = {Automatic Repair of Timestamp Comparisons.},
 venue = {IEEE Transactions on Software Engineering},
 volume = {47}
}

@article{MahWanBai21,
 author = {Kulani Mahadewa and Kailong Wang and Guangdong Bai and Ling Shi and Yan Liu and Jin Song Dong and Zhenkai Liang},
 number = {12},
 title = {Scrutinizing Implementations of Smart Home Integrations.},
 venue = {IEEE Transactions on Software Engineering},
 volume = {47}
}

@article{ManHanHan21,
 author = {Valentin J. M. Manès and HyungSeok Han and Choongwoo Han and Sang Kil Cha and Manuel Egele and Edward J. Schwartz and Maverick Woo},
 number = {11},
 title = {The Art, Science, and Engineering of Fuzzing: A Survey.},
 venue = {IEEE Transactions on Software Engineering},
 volume = {47}
}

@article{MaXinChe21,
 author = {Suyu Ma and Zhenchang Xing and Chunyang Chen and Cheng Chen and Lizhen Qu and Guoqiang Li},
 number = {10},
 title = {Easy-to-Deploy API Extraction by Multi-Level Feature Embedding and Transfer Learning.},
 venue = {IEEE Transactions on Software Engineering},
 volume = {47}
}

@article{MehPejMus21,
 author = {Abhinav Mehrotra and Veljko Pejovic and Mirco Musolesi},
 number = {10},
 title = {FutureWare: Designing a Middleware for Anticipatory Mobile Computing.},
 venue = {IEEE Transactions on Software Engineering},
 volume = {47}
}

@article{MelWied&a21,
 author = {Luis Melo and Igor Wiese and Marcelo d&apos;Amorim},
 number = {11},
 title = {Using Docker to Assist Q&amp;A Forum Users.},
 venue = {IEEE Transactions on Software Engineering},
 volume = {47}
}

@article{MenTsiPel21,
 author = {Claudio Menghi and Christos Tsigkanos and Patrizio Pelliccione and Carlo Ghezzi and Thorsten Berger},
 number = {10},
 title = {Specification Patterns for Robotic Missions.},
 venue = {IEEE Transactions on Software Engineering},
 volume = {47}
}

@article{MeyBarBir21,
 author = {André N. Meyer and Earl T. Barr and Christian Bird and Thomas Zimmermann},
 number = {5},
 title = {Today Was a Good Day: The Daily Life of Software Developers.},
 venue = {IEEE Transactions on Software Engineering},
 volume = {47}
}

@article{MeyMurZim21,
 author = {André N. Meyer and Gail C. Murphy and Thomas Zimmermann and Thomas Fritz},
 number = {9},
 title = {Enabling Good Work Habits in Software Developers through Reflective Goal-Setting.},
 venue = {IEEE Transactions on Software Engineering},
 volume = {47}
}

@article{MoCaiKaz21,
 author = {Ran Mo and Yuanfang Cai and Rick Kazman and Lu Xiao and Qiong Feng},
 number = {5},
 title = {Architecture Anti-Patterns: Automatically Detectable Violations of Design Principles.},
 venue = {IEEE Transactions on Software Engineering},
 volume = {47}
}

@article{MohTurRal21,
 author = {Rahul Mohanani and Burak Turhan and Paul Ralph},
 number = {5},
 title = {Requirements Framing Affects Design Creativity.},
 venue = {IEEE Transactions on Software Engineering},
 volume = {47}
}

@article{MorSabGué21,
 author = {Rodrigo Morales and Rubén Saborido and Yann-Gaël Guéhéneuc},
 number = {12},
 title = {MoMIT: Porting a JavaScript Interpreter on a Quarter Coin.},
 venue = {IEEE Transactions on Software Engineering},
 volume = {47}
}

@article{MuDuXu21,
 author = {Dongliang Mu and Yunlan Du and Jianhao Xu and Jun Xu and Xinyu Xing and Bing Mao and Peng Liu},
 number = {9},
 title = {POMP++: Facilitating Postmortem Program Diagnosis with Value-Set Analysis.},
 venue = {IEEE Transactions on Software Engineering},
 volume = {47}
}

@article{MunMonSun21,
 author = {Paul Muntean and Martin Monperrus and Hao Sun and Jens Grossklags and Claudia Eckert},
 number = {10},
 title = {IntRepair: Informed Repairing of Integer Overflows.},
 venue = {IEEE Transactions on Software Engineering},
 volume = {47}
}

@article{MurJasSad21,
 author = {Emerson R. Murphy-Hill and Ciera Jaspan and Caitlin Sadowski and David C. Shepherd and Michael Phillips and Collin Winter and Andrea Knight and Edward K. Smith and Matthew Jorde},
 number = {3},
 title = {What Predicts Software Developers&apos; Productivity?},
 venue = {IEEE Transactions on Software Engineering},
 volume = {47}
}

@article{MädKusJan21,
 author = {Patrick Mäder and Tobias Kuschke and Mario Janke},
 number = {7},
 title = {Reactive Auto-Completion of Modeling Activities.},
 venue = {IEEE Transactions on Software Engineering},
 volume = {47}
}

@article{NayRuhZim21,
 author = {Maleknaz Nayebi and Guenther Ruhe and Thomas Zimmermann},
 number = {2},
 title = {Mining Treatment-Outcome Constructs from Sequential Software Engineering Data.},
 venue = {IEEE Transactions on Software Engineering},
 volume = {47}
}

@article{NoeZhaZou21,
 author = {Ehsan Noei and Feng Zhang and Ying Zou},
 number = {2},
 title = {Too Many User-Reviews! What Should App Developers Look at First?},
 venue = {IEEE Transactions on Software Engineering},
 volume = {47}
}

@article{PaiKriHan21,
 author = {Matheus Paixão and Jens Krinke and DongGyun Han and Chaiyong Ragkhitwetsagul and Mark Harman},
 number = {5},
 title = {The Impact of Code Review on Architectural Changes.},
 venue = {IEEE Transactions on Software Engineering},
 volume = {47}
}

@article{PalTamFon21,
 author = {Fabio Palomba and Damian Andrew Tamburri and Francesca Arcelli Fontana and Rocco Oliveto and Andy Zaidman and Alexander Serebrenik},
 number = {1},
 title = {Beyond Technical Aspects: How Do Community Smells Influence the Intensity of Code Smells?},
 venue = {IEEE Transactions on Software Engineering},
 volume = {47}
}

@article{PanDieMar21,
 author = {José Ignacio Panach and Oscar Dieste and Beatriz Marín and Sergio España and Sira Vegas and Oscar Pastor and Natalia Juristo},
 number = {1},
 title = {Evaluating Model-Driven Development Claims with Respect to Quality: A Family of Experiments.},
 venue = {IEEE Transactions on Software Engineering},
 volume = {47}
}

@article{PanHuaCha21,
 author = {Weifeng Pan and Ming Hua and Carl K. Chang and Zijiang Yang and Dae-Kyoo Kim},
 number = {10},
 title = {ElementRank: Ranking Java Software Classes and Packages using a Multilayer Complex Network-Based Approach.},
 venue = {IEEE Transactions on Software Engineering},
 volume = {47}
}

@article{PaoBiaCar21,
 author = {Marco Paolieri and Marco Biagi and Laura Carnevali and Enrico Vicario},
 number = {6},
 title = {The ORIS Tool: Quantitative Evaluation of Non-Markovian Systems.},
 venue = {IEEE Transactions on Software Engineering},
 volume = {47}
}

@article{PapVerBau21,
 author = {Alessandro Vittorio Papadopoulos and Laurens Versluis and André Bauer and Nikolas Herbst and Jóakim von Kistowski and Ahmed Ali-Eldin and Cristina L. Abad and José Nelson Amaral and Petr Tuma and Alexandru Iosup},
 number = {8},
 title = {Methodological Principles for Reproducible Performance Evaluation in Cloud Computing.},
 venue = {IEEE Transactions on Software Engineering},
 volume = {47}
}

@article{PasQueMuk21,
 author = {Leonardo Teixeira Passos and Rodrigo Queiroz and Mukelabai Mukelabai and Thorsten Berger and Sven Apel and Krzysztof Czarnecki and Jesús Alejandro Padilla},
 number = {1},
 title = {A Study of Feature Scattering in the Linux Kernel.},
 venue = {IEEE Transactions on Software Engineering},
 volume = {47}
}

@article{PazEl-Mil21,
 author = {Andrés Paz and Ghizlane El-Boussaidi and Hafedh Mili},
 number = {12},
 title = {checsdm: A Method for Ensuring Consistency in Heterogeneous Safety-Critical System Design.},
 venue = {IEEE Transactions on Software Engineering},
 volume = {47}
}

@article{PerAbrDeu21,
 author = {Alexandre Perez and Rui Abreu and Arie van Deursen},
 number = {2},
 title = {A Theoretical and Empirical Analysis of Program Spectra Diagnosability.},
 venue = {IEEE Transactions on Software Engineering},
 volume = {47}
}

@article{PerLe21,
 author = {Danilo Dominguez Perez and Wei Le},
 number = {2},
 title = {Specifying Callback Control Flow of Mobile Apps Using Finite Automata.},
 venue = {IEEE Transactions on Software Engineering},
 volume = {47}
}

@article{PhaBöhSan21,
 author = {Van-Thuan Pham and Marcel Böhme and Andrew E. Santosa and Alexandru Razvan Caciulescu and Abhik Roychoudhury},
 number = {9},
 title = {Smart Greybox Fuzzing.},
 venue = {IEEE Transactions on Software Engineering},
 volume = {47}
}

@article{PraWanAli21,
 author = {Dipesh Pradhan and Shuai Wang and Shaukat Ali and Tao Yue and Marius Liaaen},
 number = {1},
 title = {CBGA-ES+: A Cluster-Based Genetic Algorithm with Non-Dominated Elitist Selection for Supporting Multi-Objective Test Optimization.},
 venue = {IEEE Transactions on Software Engineering},
 volume = {47}
}

@article{QuZheChi21,
 author = {Yu Qu and Qinghua Zheng and Jianlei Chi and Yangxu Jin and Ancheng He and Di Cui and Hengshan Zhang and Ting Liu},
 number = {2},
 title = {Using K-core Decomposition on Class Dependency Networks to Improve Bug Prediction Model&apos;s Practical Performance.},
 venue = {IEEE Transactions on Software Engineering},
 volume = {47}
}

@article{RagCodPio21,
 author = {Sruti Srinivasa Ragavan and Mihai Codoban and David Piorkowski and Danny Dig and Margaret Burnett},
 number = {8},
 title = {Version Control Systems: An Information Foraging Perspective.},
 venue = {IEEE Transactions on Software Engineering},
 volume = {47}
}

@article{RagKriPai21,
 author = {Chaiyong Ragkhitwetsagul and Jens Krinke and Matheus Paixão and Giuseppe Bianco and Rocco Oliveto},
 number = {3},
 title = {Toxic Code Snippets on Stack Overflow.},
 venue = {IEEE Transactions on Software Engineering},
 volume = {47}
}

@article{RajWanKam21,
 author = {Gopi Krishnan Rajbahadur and Shaowei Wang and Yasutaka Kamei and Ahmed E. Hassan},
 number = {7},
 title = {Impact of Discretization Noise of the Dependent Variable on Machine Learning Classifiers in Software Engineering.},
 venue = {IEEE Transactions on Software Engineering},
 volume = {47}
}

@article{SalBahLag21,
 author = {Maria Salama and Rami Bahsoon and Patricia Lago},
 number = {7},
 title = {Stability in Software Engineering: Survey of the State-of-the-Art and Research Directions.},
 venue = {IEEE Transactions on Software Engineering},
 volume = {47}
}

@article{SanVegOiv21,
 author = {Adrian Santos and Sira Vegas and Markku Oivo and Natalia Juristo},
 number = {9},
 title = {A Procedure and Guidelines for Analyzing Groups of Software Engineering Replications.},
 venue = {IEEE Transactions on Software Engineering},
 volume = {47}
}

@article{SayHas21,
 author = {Mohammed Sayagh and Ahmed E. Hassan},
 number = {12},
 title = {ConfigMiner: Identifying the Appropriate Configuration Options for Config-Related User Questions by Mining Online Forums.},
 venue = {IEEE Transactions on Software Engineering},
 volume = {47}
}

@article{ScaBavVen21,
 author = {Simone Scalabrino and Gabriele Bavota and Christopher Vendome and Mario Linares-Vásquez and Denys Poshyvanyk and Rocco Oliveto},
 number = {3},
 title = {Automatically Assessing Code Understandability.},
 venue = {IEEE Transactions on Software Engineering},
 volume = {47}
}

@article{ScoMalAut21,
 author = {Gian Luca Scoccia and Ivano Malavolta and Marco Autili and Amleto Di Salle and Paola Inverardi},
 number = {10},
 title = {Enhancing Trustability of Android Applications via User-Centric Flexible Permissions.},
 venue = {IEEE Transactions on Software Engineering},
 volume = {47}
}

@article{ShaHieMcC21,
 author = {Vaibhav Sharma and Kesha Hietala and Stephen McCamant},
 number = {8},
 title = {Finding Substitutable Binary Code By Synthesizing Adapters.},
 venue = {IEEE Transactions on Software Engineering},
 volume = {47}
}

@article{SilSilSan21,
 author = {Danilo Silva and João Paulo da Silva and Gustavo Jansen de Souza Santos and Ricardo Terra and Marco Túlio Valente},
 number = {12},
 title = {RefDiff 2.0: A Multi-Language Refactoring Detection Tool.},
 venue = {IEEE Transactions on Software Engineering},
 volume = {47}
}

@article{SobLucMai21,
 author = {Elder Vicente de Paulo Sobrinho and Andrea De Lucia and Marcelo de Almeida Maia},
 number = {1},
 title = {A Systematic Literature Review on Bad Smells-5 W&apos;s: Which, When, What, Who, Where.},
 venue = {IEEE Transactions on Software Engineering},
 volume = {47}
}

@article{SohYoo21,
 author = {Jeongju Sohn and Shin Yoo},
 number = {8},
 title = {Empirical Evaluation of Fault Localisation Using Code and Change Metrics.},
 venue = {IEEE Transactions on Software Engineering},
 volume = {47}
}

@article{SorPanVis21,
 author = {Andrea Di Sorbo and Sebastiano Panichella and Corrado Aaron Visaggio and Massimiliano Di Penta and Gerardo Canfora and Harald C. Gall},
 number = {8},
 title = {Exploiting Natural Language Structures in Software Informal Documentation.},
 venue = {IEEE Transactions on Software Engineering},
 volume = {47}
}

@article{SpiAvg21,
 author = {Diomidis Spinellis and Paris Avgeriou},
 number = {6},
 title = {Evolution of the Unix System Architecture: An Exploratory Case Study.},
 venue = {IEEE Transactions on Software Engineering},
 volume = {47}
}

@article{StoZimBir21,
 author = {Margaret-Anne D. Storey and Thomas Zimmermann and Christian Bird and Jacek Czerwonka and Brendan Murphy and Eirini Kalliamvakou},
 number = {10},
 title = {Towards a Theory of Software Developer Job Satisfaction and Perceived Productivity.},
 venue = {IEEE Transactions on Software Engineering},
 volume = {47}
}

@article{SunFuPoo21,
 author = {Chang-Ai Sun and An Fu and Pak-Lok Poon and Xiaoyuan Xie and Huai Liu and Tsong Yueh Chen},
 number = {9},
 title = {METRIC${+}$+: A Metamorphic Relation Identification Technique Based on Input Plus Output Domains.},
 venue = {IEEE Transactions on Software Engineering},
 volume = {47}
}

@article{SvaRoy21,
 author = {Jeffrey Svajlenko and Chanchal K. Roy},
 number = {5},
 title = {The Mutation and Injection Framework: Evaluating Clone Detection Tools with Mutation Analysis.},
 venue = {IEEE Transactions on Software Engineering},
 volume = {47}
}

@article{TamPalKaz21,
 author = {Damian A. Tamburri and Fabio Palomba and Rick Kazman},
 number = {3},
 title = {Exploring Community Smells in Open-Source: An Automated Approach.},
 venue = {IEEE Transactions on Software Engineering},
 volume = {47}
}

@article{TemAchJéz21,
 author = {Paul Temple and Mathieu Acher and Jean-Marc Jézéquel},
 number = {7},
 title = {Empirical Assessment of Multimorphic Testing.},
 venue = {IEEE Transactions on Software Engineering},
 volume = {47}
}

@article{ThoHas21,
 author = {Patanamon Thongtanunam and Ahmed E. Hassan},
 number = {12},
 title = {Review Dynamics and Their Impact on Software Quality.},
 venue = {IEEE Transactions on Software Engineering},
 volume = {47}
}

@article{TonLiuWan21,
 author = {Haonan Tong and Bin Liu and Shihai Wang},
 number = {9},
 title = {Kernel Spectral Embedding Transfer Ensemble for Heterogeneous Defect Prediction.},
 venue = {IEEE Transactions on Software Engineering},
 volume = {47}
}

@article{TosDieVeg21,
 author = {Ayse Tosun and Oscar Dieste and Sira Vegas and Dietmar Pfahl and Kerli Rungi and Natalia Juristo},
 number = {11},
 title = {Investigating the Impact of Development Task on External Quality in Test-Driven Development: An Industry Experiment.},
 venue = {IEEE Transactions on Software Engineering},
 volume = {47}
}

@article{UddBayGue21,
 author = {Gias Uddin and Olga Baysal and Latifa Guerrouj and Foutse Khomh},
 number = {4},
 title = {Understanding How and Why Developers Seek and Analyze API-Related Opinions.},
 venue = {IEEE Transactions on Software Engineering},
 volume = {47}
}

@article{UddKho21,
 author = {Gias Uddin and Foutse Khomh},
 number = {3},
 title = {Automatic Mining of Opinions Expressed About APIs in Stack Overflow.},
 venue = {IEEE Transactions on Software Engineering},
 volume = {47}
}

@article{UdeCha21,
 author = {Sakshi Udeshi and Sudipta Chattopadhyay},
 number = {11},
 title = {Grammar Based Directed Testing of Machine Learning Systems.},
 venue = {IEEE Transactions on Software Engineering},
 volume = {47}
}

@article{VieBayWyn21,
 author = {Michael Vierhauser and Sean Bayley and Jane Wyngaard and Wandi Xiong and Jinghui Cheng and Joshua Huseman and Robyn R. Lutz and Jane Cleland-Huang},
 number = {5},
 title = {Interlocking Safety Cases for Unmanned Autonomous Systems in Shared Airspaces.},
 venue = {IEEE Transactions on Software Engineering},
 volume = {47}
}

@article{VivFamXia21,
 author = {Giovanni Viviani and Michalis Famelis and Xin Xia and Calahan Janik-Jones and Gail C. Murphy},
 number = {7},
 title = {Locating Latent Design Information in Developer Discussions: A Study on Pull Requests.},
 venue = {IEEE Transactions on Software Engineering},
 volume = {47}
}

@article{WanChaGot21,
 author = {Guanhua Wang and Sudipta Chattopadhyay and Ivan Gotovchits and Tulika Mitra and Abhik Roychoudhury},
 number = {11},
 title = {oo7: Low-Overhead Defense Against Spectre Attacks via Program Analysis.},
 venue = {IEEE Transactions on Software Engineering},
 volume = {47}
}

@article{WanLinYan21,
 author = {Haijun Wang and Yun Lin and Zijiang Yang and Jun Sun and Yang Liu and Jin Song Dong and Qinghua Zheng and Ting Liu},
 number = {11},
 title = {Explaining Regressions via Alignment Slicing and Mending.},
 venue = {IEEE Transactions on Software Engineering},
 volume = {47}
}

@article{WanSunQin21,
 author = {Jingyi Wang and Jun Sun and Shengchao Qin and Cyrille Jégourel},
 number = {1},
 title = {Automatically &apos;Verifying&apos; Discrete-Time Complex Systems through Learning, Abstraction and Refinement.},
 venue = {IEEE Transactions on Software Engineering},
 volume = {47}
}

@article{WanWanChe21,
 author = {Junjie Wang and Song Wang and Jianfeng Chen and Tim Menzies and Qiang Cui and Miao Xie and Qing Wang},
 number = {6},
 title = {Characterizing Crowds to Better Optimize Worker Recommendation in Crowdsourced Testing.},
 venue = {IEEE Transactions on Software Engineering},
 volume = {47}
}

@article{WanXiaHas21,
 author = {Zhiyuan Wan and Xin Xia and Ahmed E. Hassan},
 number = {7},
 title = {What Do Programmers Discuss About Blockchain? A Case Study on the Use of Balanced LDA and the Reference Architecture of a Domain to Capture Online Discussions About Blockchain Platforms Across Stack Exchange Communities.},
 venue = {IEEE Transactions on Software Engineering},
 volume = {47}
}

@article{WanXiaLo21,
 author = {Zhiyuan Wan and Xin Xia and David Lo and Gail C. Murphy},
 number = {9},
 title = {How does Machine Learning Change Software Development Practices?},
 venue = {IEEE Transactions on Software Engineering},
 volume = {47}
}

@article{WanXuGuo21,
 author = {Huiyan Wang and Chang Xu and Bingying Guo and Xiaoxing Ma and Jian Lu},
 number = {3},
 title = {Generic Adaptive Scheduling for Efficient Context Inconsistency Detection.},
 venue = {IEEE Transactions on Software Engineering},
 volume = {47}
}

@article{WenCheTia21,
 author = {Ming Wen and Junjie Chen and Yongqiang Tian and Rongxin Wu and Dan Hao and Shi Han and Shing-Chi Cheung},
 number = {11},
 title = {Historical Spectrum Based Fault Localization.},
 venue = {IEEE Transactions on Software Engineering},
 volume = {47}
}

@article{WerLiMae21,
 author = {Karl Werder and Ye Li and Alexander Maedche and Balasubramaniam Ramesh},
 number = {4},
 title = {Software Development Process Ambidexterity and Project Performance: A Coordination Cost-Effectiveness View.},
 venue = {IEEE Transactions on Software Engineering},
 volume = {47}
}

@article{WuNiePet21,
 author = {Huayao Wu and Changhai Nie and Justyna Petke and Yue Jia and Mark Harman},
 number = {11},
 title = {Comparative Analysis of Constraint Handling Techniques for Constrained Combinatorial Testing.},
 venue = {IEEE Transactions on Software Engineering},
 volume = {47}
}

@article{XueXuCha21,
 author = {Yinxing Xue and Zhengzi Xu and Mahinthan Chandramohan and Yang Liu},
 number = {5},
 title = {Erratum to &quot;Accurate and Scalable Cross-Architecture Cross-OS Binary Code Search With Emulation&quot;.},
 venue = {IEEE Transactions on Software Engineering},
 volume = {47}
}

@article{YamLiuAka21,
 author = {Yoriyuki Yamagata and Shuang Liu and Takumi Akazaki and Yihai Duan and Jianye Hao},
 number = {12},
 title = {Falsification of Cyber-Physical Systems Using Deep Reinforcement Learning.},
 venue = {IEEE Transactions on Software Engineering},
 volume = {47}
}

@article{YuBaiSei21,
 author = {Zhongxing Yu and Chenggang Bai and Lionel Seinturier and Martin Monperrus},
 number = {5},
 title = {Characterizing the Usage, Evolution and Impact of Java Annotations in Practice.},
 venue = {IEEE Transactions on Software Engineering},
 volume = {47}
}

@article{YuLuoChe21,
 author = {Le Yu and Xiapu Luo and Jiachi Chen and Hao Zhou and Tao Zhang and Henry Chang and Hareton K. N. Leung},
 number = {2},
 title = {PPChecker: Towards Accessing the Trustworthiness of Android Apps&apos; Privacy Policies.},
 venue = {IEEE Transactions on Software Engineering},
 volume = {47}
}

@article{YuTheWil21,
 author = {Zhe Yu and Christopher Theisen and Laurie A. Williams and Tim Menzies},
 number = {11},
 title = {Improving Vulnerability Inspection Efficiency Using Active Learning.},
 venue = {IEEE Transactions on Software Engineering},
 volume = {47}
}

@article{ZhaCheZha21,
 author = {Tao Zhang and Jiachi Chen and Xian Zhan and Xiapu Luo and David Lo and He Jiang},
 number = {11},
 title = {Where2Change: Change Request Localization for App Reviews.},
 venue = {IEEE Transactions on Software Engineering},
 volume = {47}
}

@article{ZhaJiaRen21,
 author = {Jingxuan Zhang and He Jiang and Zhilei Ren and Tao Zhang and Zhiqiu Huang},
 number = {6},
 title = {Enriching API Documentation with Code Samples and Usage Scenarios from Crowd Knowledge.},
 venue = {IEEE Transactions on Software Engineering},
 volume = {47}
}

@article{ZhaLiHao21,
 author = {Jie M. Zhang and Feng Li and Dan Hao and Meng Wang and Hao Tang and Lu Zhang and Mark Harman},
 number = {12},
 title = {A Study of Bug Resolution Characteristics in Popular Programming Languages.},
 venue = {IEEE Transactions on Software Engineering},
 volume = {47}
}

@article{ZhaLiLi21,
 author = {Mengshi Zhang and Yaoxian Li and Xia Li and Lingchao Chen and Yuqun Zhang and Lingming Zhang and Sarfraz Khurshid},
 number = {6},
 title = {An Empirical Study of Boosting Spectrum-Based Fault Localization via PageRank.},
 venue = {IEEE Transactions on Software Engineering},
 volume = {47}
}

@article{ZhaMorHal21,
 author = {Long Zhang and Brice Morin and Philipp Haller and Benoit Baudry and Martin Monperrus},
 number = {11},
 title = {A Chaos Engineering System for Live Analysis and Falsification of Exception-Handling in the JVM.},
 venue = {IEEE Transactions on Software Engineering},
 volume = {47}
}

@article{ZhaWanChe21,
 author = {Haoxiang Zhang and Shaowei Wang and Tse-Hsun Chen and Ahmed E. Hassan},
 number = {11},
 title = {Reading Answers on Stack Overflow: Not Enough!},
 venue = {IEEE Transactions on Software Engineering},
 volume = {47}
}

@article{ZhaWanChe21a,
 author = {Haoxiang Zhang and Shaowei Wang and Tse-Hsun Chen and Ying Zou and Ahmed E. Hassan},
 number = {4},
 title = {An Empirical Study of Obsolete Answers on Stack Overflow.},
 venue = {IEEE Transactions on Software Engineering},
 volume = {47}
}

@article{ZhaZhoMoc21,
 author = {Yuxia Zhang and Minghui Zhou and Audris Mockus and Zhi Jin},
 number = {10},
 title = {Companies&apos; Participation in OSS Development-An Empirical Study of OpenStack.},
 venue = {IEEE Transactions on Software Engineering},
 volume = {47}
}

@article{ZhoPenXie21,
 author = {Xiang Zhou and Xin Peng and Tao Xie and Jun Sun and Chao Ji and Wenhai Li and Dan Ding},
 number = {2},
 title = {Fault Analysis and Debugging of Microservice Systems: Industrial Survey, Benchmark System, and Empirical Study.},
 venue = {IEEE Transactions on Software Engineering},
 volume = {47}
}

@article{ZhoSuChe21,
 author = {Yu Zhou and Yanqi Su and Taolue Chen and Zhiqiu Huang and Harald C. Gall and Sebastiano Panichella},
 number = {12},
 title = {User Review-Based Change File Localization for Mobile Applications.},
 venue = {IEEE Transactions on Software Engineering},
 volume = {47}
}

@article{ZhoTseWit21,
 author = {Zhi Quan Zhou and T. H. Tse and Matt Witheridge},
 number = {6},
 title = {Metamorphic Robustness Testing: Exposing Hidden Defects in Citation Statistics and Journal Impact Factors.},
 venue = {IEEE Transactions on Software Engineering},
 volume = {47}
}

@article{ZhoWanBez21,
 author = {Jiayuan Zhou and Shaowei Wang and Cor-Paul Bezemer and Ying Zou and Ahmed E. Hassan},
 number = {12},
 title = {Studying the Association Between Bountysource Bounties and the Issue-Addressing Likelihood of GitHub Issue Reports.},
 venue = {IEEE Transactions on Software Engineering},
 volume = {47}
}

@article{ZouLiaXio21,
 author = {Daming Zou and Jingjing Liang and Yingfei Xiong and Michael D. Ernst and Lu Zhang},
 number = {2},
 title = {An Empirical Study of Fault Localization Families and Their Combinations.},
 venue = {IEEE Transactions on Software Engineering},
 volume = {47}
}

@article{ZouLoKoc21,
 author = {Weiqin Zou and David Lo and Pavneet Singh Kochhar and Xuan-Bach Dinh Le and Xin Xia and Yang Feng and Zhenyu Chen and Baowen Xu},
 number = {10},
 title = {Smart Contract Development: Challenges and Opportunities.},
 venue = {IEEE Transactions on Software Engineering},
 volume = {47}
}
