@article{CroOpp06,
  title={A genre analysis of scientific abstracts},
  author={Cross, Cate and Oppenheim, Charles},
  journal={Journal of Documentation},
  volume={62},
  number={4},
  pages={428--446},
  year={2006},
  publisher={Emerald}
}

@article{DosSantos96,
  title={The textual organization of research paper abstracts in applied linguistics},
  author={Dos Santos, Mauro Bittencourt},
  journal={Text},
  volume={16},
  number={4},
  pages={481--500},
  year={1996},
  publisher={De Gruyter}
}

@article{DupKhoLeb03,
  title={Quality of abstracts in 3 clinical dermatology journals},
  author={Dupuy, Alain and Khosrotehrani, Kiarash and Lebb{\'e}, C{\'e}leste and Rybojad, Michel and Morel, Patrice},
  journal={Archives of dermatology},
  volume={139},
  number={5},
  pages={589--593},
  year={2003},
  publisher={American Medical Association}
}

@article{HarSydBlu96,
  title={Obtaining information accurately and quickly: are structured abstracts more efficient?},
  author={Hartley, James and Sydes, Matthew and Blurton, Anthony},
  journal={Journal of information science},
  volume={22},
  number={5},
  pages={349--356},
  year={1996},
  publisher={Sage Publications}
}

@book{Krippendorff04,
  title={Content analysis: An introduction to its methodology},
  author={Krippendorff, Klaus},
  edition = {2nd},
  year={2004},
  publisher={Sage Publications}
}

@article{MohHopSch12,
  title={{CONSORT} 2010 explanation and elaboration: updated guidelines for reporting parallel group randomised trials},
  author={Moher, David and Hopewell, Sally and Schulz, Kenneth F and Montori, Victor and G{\o}tzsche, Peter C and Devereaux, Philip J and Elbourne, Diana and Egger, Matthias and Altman, Douglas G},
  journal={International journal of surgery},
  volume={10},
  number={1},
  pages={28--55},
  year={2012},
  publisher={Elsevier}
}

@article{ShaHar06,
  title={Structured abstracts: do they improve the quality of information in abstracts?},
  author={Sharma, Sandeep and Harrison, Jayne E.},
  journal={American journal of orthodontics and dentofacial orthopedics},
  volume={130},
  number={4},
  pages={523--530},
  year={2006},
  publisher={Elsevier}
}

@book{StrCor90,
  title={Basics of qualitative research},
  author={Strauss, Anselm and Corbin, Juliet},
  year={1990},
  publisher={Sage Publications}
}

@book{Swales90,
  title={Genre analysis: English in academic and research settings},
  author={Swales, John M.},
  year={1990},
  publisher={Cambridge University Press}
}
