@article{AbuAlsGho22,
 author = {Amjad AbuHassan and Mohammad R. Alshayeb and Lahouari Ghouti},
 doi = {10.1016/j.infsof.2022.106875},
 pages = {106875},
 title = {Prioritization of model smell refactoring using a covariance matrix-based adaptive evolution algorithm.},
 type = {Journal Articles},
 venue = {Information and Software Technology},
 volume = {146},
 year = {2022}
}

@article{AghGarPia22,
 author = {Halimeh Agh and Félix García and Mario Piattini},
 doi = {10.1016/j.infsof.2022.106864},
 pages = {106864},
 title = {A checklist for the evaluation of software process line approaches.},
 type = {Journal Articles},
 venue = {Information and Software Technology},
 volume = {146},
 year = {2022}
}

@article{AhmAshAzg22,
 author = {Hamidreza Ahmadi and Mehrdad Ashtiani and Mohammad Abdollahi Azgomi and Raana Saheb Nasagh},
 doi = {10.1016/j.infsof.2022.106893},
 pages = {106893},
 title = {A DQN-based agent for automatic software refactoring.},
 type = {Journal Articles},
 venue = {Information and Software Technology},
 volume = {147},
 year = {2022}
}

@article{AkbSmoMah22,
 author = {Muhammad Azeem Akbar and Kari Smolander and Sajjad Mahmood and Ahmed Alsanad},
 doi = {10.1016/j.infsof.2022.106894},
 pages = {106894},
 title = {Toward successful DevSecOps in software development organizations: A decision-making framework.},
 type = {Journal Articles},
 venue = {Information and Software Technology},
 volume = {147},
 year = {2022}
}

@article{AlaKraPaa22,
 author = {Adam Alami and Oliver Krancher and Maria Paasivaara},
 doi = {10.1016/j.infsof.2022.106959},
 pages = {106959},
 title = {The journey to technical excellence in agile software development.},
 type = {Journal Articles},
 venue = {Information and Software Technology},
 volume = {150},
 year = {2022}
}

@article{AlDAhmMah22,
 author = {Osamah AlDhafer and Irfan Ahmad and Sajjad Mahmood},
 doi = {10.1016/j.infsof.2022.106877},
 pages = {106877},
 title = {An end-to-end deep learning system for requirements classification using recurrent neural networks.},
 type = {Journal Articles},
 venue = {Information and Software Technology},
 volume = {147},
 year = {2022}
}

@article{AliMus22,
 author = {Hyacinth Ali and Gunter Mussbacher},
 doi = {10.1016/j.infsof.2021.106757},
 pages = {106757},
 title = {Layout merging with relative positioning in Concern-Oriented Reuse hierarchies.},
 type = {Journal Articles},
 venue = {Information and Software Technology},
 volume = {143},
 year = {2022}
}

@article{AlkAlaKeb22,
 author = {Khalid Alkharabsheh and Sadi Alawadi and Victor R. Kebande and Yania Crespo and Manuel Fernández Delgado and José A. Taboada},
 doi = {10.1016/j.infsof.2021.106736},
 pages = {106736},
 title = {A comparison of machine learning algorithms on design smell detection using balanced and imbalanced dataset: A study of God class.},
 type = {Journal Articles},
 venue = {Information and Software Technology},
 volume = {143},
 year = {2022}
}

@article{AmnPoe22,
 author = {Anis R. Amna and Geert Poels},
 doi = {10.1016/j.infsof.2022.106824},
 pages = {106824},
 title = {Ambiguity in user stories: A systematic literature review.},
 type = {Journal Articles},
 venue = {Information and Software Technology},
 volume = {145},
 year = {2022}
}

@article{AnqDelDuc22,
 author = {Nicolas Anquetil and Julien Delplanque and Stéphane Ducasse and Oleksandr Zaitsev and Christopher Fuhrman and Yann-Gaël Guéhéneuc},
 doi = {10.1016/j.infsof.2022.106942},
 pages = {106942},
 title = {What do developers consider magic literals? A smalltalk perspective.},
 type = {Journal Articles},
 venue = {Information and Software Technology},
 volume = {149},
 year = {2022}
}

@article{AsiMän22,
 author = {Timo Asikainen and Tomi Männistö},
 doi = {10.1016/j.infsof.2022.107039},
 pages = {107039},
 title = {Undulate: A framework for data-driven software engineering enabling soft computing.},
 type = {Journal Articles},
 venue = {Information and Software Technology},
 volume = {152},
 year = {2022}
}

@article{AssGhaPul22,
 author = {Nana Assyne and Hadi Ghanbari and Mirja Pulkkinen},
 doi = {10.1016/j.infsof.2022.107020},
 pages = {107020},
 title = {The essential competencies of software professionals: A unified competence framework.},
 type = {Journal Articles},
 venue = {Information and Software Technology},
 volume = {151},
 year = {2022}
}

@article{AwaHanTan22,
 author = {Usama Awan and Lea Hannola and Anushree Tandon and Raman Kumar Goyal and Amandeep Dhir},
 doi = {10.1016/j.infsof.2022.106896},
 pages = {106896},
 title = {Quantum computing challenges in the software industry. A fuzzy AHP-based approach.},
 type = {Journal Articles},
 venue = {Information and Software Technology},
 volume = {147},
 year = {2022}
}

@article{BaiJiaCap22,
 author = {Jiaojiao Bai and Jingdong Jia and Luiz Fernando Capretz},
 doi = {10.1016/j.infsof.2022.106985},
 pages = {106985},
 title = {A three-stage transfer learning framework for multi-source cross-project software defect prediction.},
 type = {Journal Articles},
 venue = {Information and Software Technology},
 volume = {150},
 year = {2022}
}

@article{BaiLiuLiu22,
 author = {Shuotong Bai and Lei Liu and Huaxiao Liu and Mengxi Zhang and Chenkun Meng and Peng Zhang},
 doi = {10.1016/j.infsof.2022.106961},
 pages = {106961},
 title = {Find potential partners: A GitHub user recommendation method based on event data.},
 type = {Journal Articles},
 venue = {Information and Software Technology},
 volume = {150},
 year = {2022}
}

@article{BarSouSan22,
 author = {Gerson Barbosa and Érica Ferreira de Souza and Luciana Brasil Rebelo dos Santos and Marlon da Silva and Juliana Marino Balera and Nandamudi Lankalapalli Vijaykumar},
 doi = {10.1016/j.infsof.2022.106902},
 pages = {106902},
 title = {A Systematic Literature Review on prioritizing software test cases using Markov chains.},
 type = {Journal Articles},
 venue = {Information and Software Technology},
 volume = {147},
 year = {2022}
}

@article{BesMarBos22,
 author = {Terese Besker and Antonio Martini and Jan Bosch},
 doi = {10.1016/j.infsof.2021.106740},
 pages = {106740},
 title = {The use of incentives to promote technical debt management.},
 type = {Journal Articles},
 venue = {Information and Software Technology},
 volume = {142},
 year = {2022}
}

@article{BinMooIsa22,
 author = {Dave W. Binkley and Leon Moonen and Sibren Isaacman},
 doi = {10.1016/j.infsof.2022.106844},
 pages = {106844},
 title = {Featherweight assisted vulnerability discovery.},
 type = {Journal Articles},
 venue = {Information and Software Technology},
 volume = {146},
 year = {2022}
}

@article{BomBonGal22,
 author = {Andrea Bombarda and Silvia Bonfanti and Cristiano Galbiati and Angelo Gargantini and Patrizio Pelliccione and Elvinia Riccobene and Masayuki Wada},
 doi = {10.1016/j.infsof.2022.107061},
 pages = {107061},
 title = {Guidelines for the development of a critical software under emergency.},
 type = {Journal Articles},
 venue = {Information and Software Technology},
 volume = {152},
 year = {2022}
}

@article{BriRouSei22,
 author = {Sacha Brisset and Romain Rouvoy and Lionel Seinturier and Renaud Pawlak},
 doi = {10.1016/j.infsof.2021.106754},
 pages = {106754},
 title = {Erratum: Leveraging Flexible Tree Matching to repair broken locators in web automation scripts.},
 type = {Journal Articles},
 venue = {Information and Software Technology},
 volume = {144},
 year = {2022}
}

@article{BudBre22,
 author = {David Budgen and Pearl Brereton},
 doi = {10.1016/j.infsof.2022.106840},
 pages = {106840},
 title = {Short communication: Evolution of secondary studies in software engineering.},
 type = {Journal Articles},
 venue = {Information and Software Technology},
 volume = {145},
 year = {2022}
}

@article{CadAndAvg22,
 author = {Héctor Cadavid and Vasilios Andrikopoulos and Paris Avgeriou and P. Chris Broekema},
 doi = {10.1016/j.infsof.2022.106984},
 pages = {106984},
 title = {System and software architecting harmonization practices in ultra-large-scale systems of systems: A confirmatory case study.},
 type = {Journal Articles},
 venue = {Information and Software Technology},
 volume = {150},
 year = {2022}
}

@article{CajLárGei22,
 author = {Åsa Cajander and Marta Lárusdóttir and Johannes L. Geiser},
 doi = {10.1016/j.infsof.2022.107005},
 pages = {107005},
 title = {UX professionals&apos; learning and usage of UX methods in agile.},
 type = {Journal Articles},
 venue = {Information and Software Technology},
 volume = {151},
 year = {2022}
}

@article{CanSorFor22,
 author = {Gerardo Canfora and Andrea Di Sorbo and Sara Forootani and Matias Martinez and Corrado Aaron Visaggio},
 doi = {10.1016/j.infsof.2021.106745},
 pages = {106745},
 title = {Patchworking: Exploring the code changes induced by vulnerability fixing activities.},
 type = {Journal Articles},
 venue = {Information and Software Technology},
 volume = {142},
 year = {2022}
}

@article{CarMen22,
 author = {Nicolás Cardozo and Kim Mens},
 doi = {10.1016/j.infsof.2021.106789},
 pages = {106789},
 title = {Programming language implementations for context-oriented self-adaptive systems.},
 type = {Journal Articles},
 venue = {Information and Software Technology},
 volume = {143},
 year = {2022}
}

@article{CasDeuGra22,
 author = {Francesco Casillo and Vincenzo Deufemia and Carmine Gravino},
 doi = {10.1016/j.infsof.2022.106853},
 pages = {106853},
 title = {Detecting privacy requirements from User Stories with NLP transfer learning models.},
 type = {Journal Articles},
 venue = {Information and Software Technology},
 volume = {146},
 year = {2022}
}

@article{CheHuWei22,
 author = {Wuyan Cheng and Po Hu and Shaozhi Wei and Ran Mo},
 doi = {10.1016/j.infsof.2022.106987},
 pages = {106987},
 title = {Keyword-guided abstractive code summarization via incorporating structural and contextual information.},
 type = {Journal Articles},
 venue = {Information and Software Technology},
 volume = {150},
 year = {2022}
}

@article{CheJinZho22,
 author = {Haowen Chen and Xiao-Yuan Jing and Yuming Zhou and Bing Li and Baowen Xu},
 doi = {10.1016/j.infsof.2022.106892},
 pages = {106892},
 title = {Aligned metric representation based balanced multiset ensemble learning for heterogeneous defect prediction.},
 type = {Journal Articles},
 venue = {Information and Software Technology},
 volume = {147},
 year = {2022}
}

@article{CheMaChe22,
 author = {Zhifei Chen and Wanwangying Ma and Lin Chen and Wei Song},
 doi = {10.1016/j.infsof.2022.106849},
 pages = {106849},
 title = {Collaboration in software ecosystems: A study of work groups in open environment.},
 type = {Journal Articles},
 venue = {Information and Software Technology},
 volume = {145},
 year = {2022}
}

@article{ChoGueAlv22,
 author = {Joelma Choma and Eduardo M. Guerra and Alexandre Alvaro and Roberto Pereira and Luciana A. M. Zaina},
 doi = {10.1016/j.infsof.2022.107041},
 pages = {107041},
 title = {Influences of UX factors in the Agile UX context of software startups.},
 type = {Journal Articles},
 venue = {Information and Software Technology},
 volume = {152},
 year = {2022}
}

@article{ChoGueSil22,
 author = {Joelma Choma and Eduardo M. Guerra and Tiago Silva da Silva and Luciana Martinez Zaina},
 doi = {10.1016/j.infsof.2021.106730},
 pages = {106730},
 title = {An approach to explore sequential interactions in cognitive activities of software engineering.},
 type = {Journal Articles},
 venue = {Information and Software Technology},
 volume = {141},
 year = {2022}
}

@article{ChoLeeKan22,
 author = {Heetae Cho and Seonah Lee and Sungwon Kang},
 doi = {10.1016/j.infsof.2021.106743},
 pages = {106743},
 title = {Classifying issue reports according to feature descriptions in a user manual based on a deep learning model.},
 type = {Journal Articles},
 venue = {Information and Software Technology},
 volume = {142},
 year = {2022}
}

@article{CopAlé22,
 author = {Riccardo Coppola and Emil Alégroth},
 doi = {10.1016/j.infsof.2022.107062},
 pages = {107062},
 title = {A taxonomy of metrics for GUI-based testing research: A systematic literature review.},
 type = {Journal Articles},
 venue = {Information and Software Technology},
 volume = {152},
 year = {2022}
}

@article{CreNozSán22,
 author = {Yania Crespo and Carlos López Nozal and Raúl Marticorena Sánchez and Margarita Gonzalo Tasis and Mario Piattini},
 doi = {10.1016/j.infsof.2022.106946},
 pages = {106946},
 title = {The role of awareness and gamification on technical debt management.},
 type = {Journal Articles},
 venue = {Information and Software Technology},
 volume = {150},
 year = {2022}
}

@article{Crnkovic22,
 author = {Ivica Crnkovic},
 doi = {10.1016/j.infsof.2022.106871},
 pages = {106871},
 title = {Obituary Dr. Ivica Crnkovic.},
 type = {Journal Articles},
 venue = {Information and Software Technology},
 volume = {145},
 year = {2022}
}

@article{DasPhi22,
 author = {Veronika Dashuber and Michael Philippsen},
 doi = {10.1016/j.infsof.2022.106989},
 pages = {106989},
 title = {Trace visualization within the Software City metaphor: Controlled experiments on program comprehension.},
 type = {Journal Articles},
 venue = {Information and Software Technology},
 volume = {150},
 year = {2022}
}

@article{DinTekCat22,
 author = {Raymon van Dinter and Bedir Tekinerdogan and Cagatay Catal},
 doi = {10.1016/j.infsof.2022.107008},
 pages = {107008},
 title = {Predictive maintenance using digital twins: A systematic literature review.},
 type = {Journal Articles},
 venue = {Information and Software Technology},
 volume = {151},
 year = {2022}
}

@article{DisJayZah22,
 author = {Nesara Dissanayake and Asangi Jayatilaka and Mansooreh Zahedi and Muhammad Ali Babar},
 doi = {10.1016/j.infsof.2021.106771},
 pages = {106771},
 title = {Software security patch management - A systematic literature review of challenges, approaches, tools and practices.},
 type = {Journal Articles},
 venue = {Information and Software Technology},
 volume = {144},
 year = {2022}
}

@article{DogTüz22,
 author = {Emre Dogan and Eray Tüzün},
 doi = {10.1016/j.infsof.2021.106737},
 pages = {106737},
 title = {Towards a taxonomy of code review smells.},
 type = {Journal Articles},
 venue = {Information and Software Technology},
 volume = {142},
 year = {2022}
}

@article{DonXueBri22,
 author = {Shi Dong and Yinxing Xue and Sjaak Brinkkemper and Yan-Fu Li},
 doi = {10.1016/j.infsof.2022.106825},
 pages = {106825},
 title = {Multi-objective integer programming approaches to Next Release Problem - Enhancing exact methods for finding whole pareto front.},
 type = {Journal Articles},
 venue = {Information and Software Technology},
 volume = {147},
 year = {2022}
}

@article{EteBusRob22,
 author = {Vahid Etemadi and Omid Bushehrian and Gregorio Robles},
 doi = {10.1016/j.infsof.2021.106786},
 pages = {106786},
 title = {Task assignment to counter the effect of developer turnover in software maintenance: A knowledge diffusion model.},
 type = {Journal Articles},
 venue = {Information and Software Technology},
 volume = {143},
 year = {2022}
}

@article{FahGruBey22,
 author = {Mahdi Fahmideh and John Grundy and Ghassan Beydoun and Didar Zowghi and Willy Susilo and Davoud Mougouei},
 doi = {10.1016/j.infsof.2021.106795},
 pages = {106795},
 title = {A model-driven approach to reengineering processes in cloud computing.},
 type = {Journal Articles},
 venue = {Information and Software Technology},
 volume = {144},
 year = {2022}
}

@article{FelGalIzu22,
 author = {Michael Felderer and Matthias Galster and Clemente Izurieta and Carolyn Seaman},
 doi = {10.1016/j.infsof.2021.106801},
 pages = {106801},
 title = {Introduction to the Special Issue on value and waste in software engineering.},
 type = {Journal Articles},
 venue = {Information and Software Technology},
 volume = {144},
 year = {2022}
}

@article{FenKeuZha22,
 author = {Shuo Feng and Jacky Keung and Peichang Zhang and Yan Xiao and Miao Zhang},
 doi = {10.1016/j.infsof.2021.106742},
 pages = {106742},
 title = {The impact of the distance metric and measure on SMOTE-based techniques in software defect prediction.},
 type = {Journal Articles},
 venue = {Information and Software Technology},
 volume = {142},
 year = {2022}
}

@article{FerBacGab22,
 author = {Alessio Ferrari and Manlio Bacco and Kirsten Gaber and Andreas Jedlitschka and Steffen Hess and Jouni Kaipainen and Panagiota Koltsida and Eleni Toli and Gianluca Brunori},
 doi = {10.1016/j.infsof.2021.106816},
 pages = {106816},
 title = {Drivers, barriers and impacts of digitalisation in rural areas from the viewpoint of experts.},
 type = {Journal Articles},
 venue = {Information and Software Technology},
 volume = {145},
 year = {2022}
}

@article{FerVerKes22,
 author = {Thiago do Nascimento Ferreira and Silvia Regina Vergilio and Marouane Kessentini},
 doi = {10.1016/j.infsof.2022.107031},
 pages = {107031},
 title = {Variability testing of software product line: A preference-based dimensionality reduction approach.},
 type = {Journal Articles},
 venue = {Information and Software Technology},
 volume = {152},
 year = {2022}
}

@article{FirFirRos22,
 author = {Diego Firmenich and Sergio Firmenich and Gustavo Rossi and Manuel Wimmer and Irene Garrigós and César González-Mora},
 doi = {10.1016/j.infsof.2021.106735},
 pages = {106735},
 title = {Engineering Web Augmentation software: A development method for enabling end-user maintenance.},
 type = {Journal Articles},
 venue = {Information and Software Technology},
 volume = {141},
 year = {2022}
}

@article{FuWanZho22,
 author = {Jiaojiao Fu and Yaohui Wang and Yangfan Zhou and Xin Wang},
 doi = {10.1016/j.infsof.2021.106728},
 pages = {106728},
 title = {How resource utilization influences UI responsiveness of Android software.},
 type = {Journal Articles},
 venue = {Information and Software Technology},
 volume = {141},
 year = {2022}
}

@article{FávCasPim22,
 author = {Eliane Maria De Bortoli Fávero and Dalcimar Casanova and Andrey Ricardo Pimentel},
 doi = {10.1016/j.infsof.2022.106886},
 pages = {106886},
 title = {SE3M: A model for software effort estimation using pre-trained embedding models.},
 type = {Journal Articles},
 venue = {Information and Software Technology},
 volume = {147},
 year = {2022}
}

@article{GaoZenLo22,
 author = {Cuiyun Gao and Jichuan Zeng and David Lo and Xin Xia and Irwin King and Michael R. Lyu},
 doi = {10.1016/j.infsof.2021.106741},
 pages = {106741},
 title = {Understanding in-app advertising issues based on large scale app review analysis.},
 type = {Journal Articles},
 venue = {Information and Software Technology},
 volume = {142},
 year = {2022}
}

@article{GaoZhuZha22,
 author = {Yuxiang Gao and Yi Zhu and Yu Zhao},
 doi = {10.1016/j.infsof.2022.107016},
 pages = {107016},
 title = {Dealing with imbalanced data for interpretable defect prediction.},
 type = {Journal Articles},
 venue = {Information and Software Technology},
 volume = {151},
 year = {2022}
}

@article{GarOliMor22,
 author = {Luciano A. Garcia and Edson OliveiraJr and Marcelo Morandini},
 doi = {10.1016/j.infsof.2021.106814},
 pages = {106814},
 title = {Tailoring the Scrum framework for software development: Literature mapping and feature-based support.},
 type = {Journal Articles},
 venue = {Information and Software Technology},
 volume = {146},
 year = {2022}
}

@article{GarRaiFel22,
 author = {Vahid Garousi and Austen Rainer and Michael Felderer and Mika V. Mäntylä},
 doi = {10.1016/j.infsof.2021.106697},
 pages = {106697},
 title = {Introduction to the Special Issue on: Grey Literature and Multivocal Literature Reviews (MLRs) in software engineering.},
 type = {Journal Articles},
 venue = {Information and Software Technology},
 volume = {141},
 year = {2022}
}

@article{GeFanQia22,
 author = {Xiuting Ge and Chunrong Fang and Meiyuan Qian and Yu Ge and Mingshuang Qing},
 doi = {10.1016/j.infsof.2022.106899},
 pages = {106899},
 title = {Locality-based security bug report identification via active learning.},
 type = {Journal Articles},
 venue = {Information and Software Technology},
 volume = {147},
 year = {2022}
}

@article{GhaEmaMil22,
 author = {Saeedeh Sadat Sajjadi Ghaemmaghami and Seyedeh Sepideh Emam and James Miller},
 doi = {10.1016/j.infsof.2021.106704},
 pages = {106704},
 title = {Automatically inferring user behavior models in large-scale web applications.},
 type = {Journal Articles},
 venue = {Information and Software Technology},
 volume = {141},
 year = {2022}
}

@article{GheHam22,
 author = {Abdelouahed Gherbi and Wahab Hamou-Lhadj},
 doi = {10.1016/j.infsof.2021.106788},
 pages = {106788},
 title = {Guest Editors&apos; introduction to the special section on the 12th system analysis and modelling conference (SAM 2020).},
 type = {Journal Articles},
 venue = {Information and Software Technology},
 volume = {144},
 year = {2022}
}

@article{GreStrSha22,
 author = {Peggy Gregory and Diane E. Strode and Helen Sharp and Leonor Barroca},
 doi = {10.1016/j.infsof.2021.106792},
 pages = {106792},
 title = {An onboarding model for integrating newcomers into agile project teams.},
 type = {Journal Articles},
 venue = {Information and Software Technology},
 volume = {143},
 year = {2022}
}

@article{GruSanMal22,
 author = {Eoin Martino Grua and Martina De Sanctis and Ivano Malavolta and Mark Hoogendoorn and Patricia Lago},
 doi = {10.1016/j.infsof.2022.106841},
 pages = {106841},
 title = {An evaluation of the effectiveness of personalization and self-adaptation for e-Health apps.},
 type = {Journal Articles},
 venue = {Information and Software Technology},
 volume = {146},
 year = {2022}
}

@article{GôlAraRos22,
 author = {Marcos P. S. Gôlo and Adailton Ferreira Araujo and Rafael Geraldeli Rossi and Ricardo M. Marcacini},
 doi = {10.1016/j.infsof.2022.106998},
 pages = {106998},
 title = {Detecting relevant app reviews for software evolution and maintenance through multimodal one-class learning.},
 type = {Journal Articles},
 venue = {Information and Software Technology},
 volume = {151},
 year = {2022}
}

@article{HamMetQas22,
 author = {Mohammad Hamdaqa and Lucas Alberto Pineda Met and Ilham Ahmed Qasse},
 doi = {10.1016/j.infsof.2021.106762},
 pages = {106762},
 title = {iContractML 2.0: A domain-specific language for modeling and deploying smart contracts onto multiple blockchain platforms.},
 type = {Journal Articles},
 venue = {Information and Software Technology},
 volume = {144},
 year = {2022}
}

@article{HenLesStr22,
 author = {Elia Henrichs and Veronika Lesch and Martin Straesser and Samuel Kounev and Christian Krupitzer},
 doi = {10.1016/j.infsof.2022.106940},
 pages = {106940},
 title = {A literature review on optimization techniques for adaptation planning in adaptive systems: State of the art and research directions.},
 type = {Journal Articles},
 venue = {Information and Software Technology},
 volume = {149},
 year = {2022}
}

@article{HinMayTho22,
 author = {Andreas Hinderks and Francisco José Domínguez Mayo and Jörg Thomaschewski and María José Escalona},
 doi = {10.1016/j.infsof.2022.106957},
 pages = {106957},
 title = {Approaches to manage the user experience process in Agile software development: A systematic literature review.},
 type = {Journal Articles},
 venue = {Information and Software Technology},
 volume = {150},
 year = {2022}
}

@article{HorCorFue22,
 author = {José Miguel Horcas and Alejandro Cortiñas and Lidia Fuentes and Miguel R. Luaces},
 doi = {10.1016/j.infsof.2022.106910},
 pages = {106910},
 title = {Combining multiple granularity variability in a software product line approach for web engineering.},
 type = {Journal Articles},
 venue = {Information and Software Technology},
 volume = {148},
 year = {2022}
}

@article{HosJiaHan22,
 author = {Md. Arafat Hossain and Jiaojiao Jiang and Jun Han and Muhammad Ashad Kabir and Jean-Guy Schneider and Chengfei Liu},
 doi = {10.1016/j.infsof.2021.106803},
 pages = {106803},
 title = {Inferring data model from service interactions for response generation in service virtualization.},
 type = {Journal Articles},
 venue = {Information and Software Technology},
 volume = {145},
 year = {2022}
}

@article{HuaWeiWan22,
 author = {Yuchao Huang and Moshi Wei and Song Wang and Junjie Wang and Qing Wang},
 doi = {10.1016/j.infsof.2022.107001},
 pages = {107001},
 title = {Yet another combination of IR- and neural-based comment generation.},
 type = {Journal Articles},
 venue = {Information and Software Technology},
 volume = {152},
 year = {2022}
}

@article{HumKhoAnt22,
 author = {Dmytro Humeniuk and Foutse Khomh and Giuliano Antoniol},
 doi = {10.1016/j.infsof.2022.106936},
 pages = {106936},
 title = {A search-based framework for automatic generation of testing environments for cyber-physical systems.},
 type = {Journal Articles},
 venue = {Information and Software Technology},
 volume = {149},
 year = {2022}
}

@article{HuqHasHaq22,
 author = {Faria Huq and Masum Hasan and Md. Mahim Anjum Haque and Sazan Mahbub and Anindya Iqbal and Toufique Ahmed},
 doi = {10.1016/j.infsof.2021.106765},
 pages = {106765},
 title = {Review4Repair: Code review aided automatic program repairing.},
 type = {Journal Articles},
 venue = {Information and Software Technology},
 volume = {143},
 year = {2022}
}

@article{ImrDam22,
 author = {Mia Mohammad Imran and Kostadin Damevski},
 doi = {10.1016/j.infsof.2022.107021},
 pages = {107021},
 title = {Using clarification questions to improve software developers&apos; Web search.},
 type = {Journal Articles},
 venue = {Information and Software Technology},
 volume = {151},
 year = {2022}
}

@article{IrsBörPet22,
 author = {Mohsin Irshad and Jürgen Börstler and Kai Petersen},
 doi = {10.1016/j.infsof.2021.106717},
 pages = {106717},
 title = {Supporting refactoring of BDD specifications - An empirical study.},
 type = {Journal Articles},
 venue = {Information and Software Technology},
 volume = {141},
 year = {2022}
}

@article{IslAhmSha22,
 author = {Khairul Islam and Toufique Ahmed and Rifat Shahriyar and Anindya Iqbal and Gias Uddin},
 doi = {10.1016/j.infsof.2021.106756},
 pages = {106756},
 title = {Early prediction for merged vs abandoned code changes in modern code reviews.},
 type = {Journal Articles},
 venue = {Information and Software Technology},
 volume = {142},
 year = {2022}
}

@article{JahCev22,
 author = {Hadi Jahanshahi and Mucahit Cevik},
 doi = {10.1016/j.infsof.2022.107025},
 pages = {107025},
 title = {S-DABT: Schedule and Dependency-aware Bug Triage in open-source bug tracking systems.},
 type = {Journal Articles},
 venue = {Information and Software Technology},
 volume = {151},
 year = {2022}
}

@article{JiaCheWan22,
 author = {Mingyue Jiang and Tsong Yueh Chen and Shuai Wang},
 doi = {10.1016/j.infsof.2022.106966},
 pages = {106966},
 title = {On the effectiveness of testing sentiment analysis systems with metamorphic testing.},
 type = {Journal Articles},
 venue = {Information and Software Technology},
 volume = {150},
 year = {2022}
}

@article{JunTra22,
 author = {Helvio Jeronimo Junior and Guilherme Horta Travassos},
 doi = {10.1016/j.infsof.2022.106964},
 pages = {106964},
 title = {Consolidating a common perspective on Technical Debt and its Management through a Tertiary Study.},
 type = {Journal Articles},
 venue = {Information and Software Technology},
 volume = {149},
 year = {2022}
}

@article{JørEsc22,
 author = {Magne Jørgensen and Eban Escott},
 doi = {10.1016/j.infsof.2021.106782},
 pages = {106782},
 title = {Relative estimates of software development effort: Are they more accurate or less time-consuming to produce than absolute estimates, and to what extent are they person-independent?},
 type = {Journal Articles},
 venue = {Information and Software Technology},
 volume = {143},
 year = {2022}
}

@article{JørHalLie22,
 author = {Magne Jørgensen and Torleif Halkjelsvik and Knut Liestøl},
 doi = {10.1016/j.infsof.2021.106784},
 pages = {106784},
 title = {When should we (not) use the mean magnitude of relative error (MMRE) as an error measure in software development effort estimation?},
 type = {Journal Articles},
 venue = {Information and Software Technology},
 volume = {143},
 year = {2022}
}

@article{KalNorVog22,
 author = {Arut Prakash Kaleeswaran and Arne Nordmann and Thomas Vogel and Lars Grunske},
 doi = {10.1016/j.infsof.2021.106800},
 pages = {106800},
 title = {A systematic literature review on counterexample explanation.},
 type = {Journal Articles},
 venue = {Information and Software Technology},
 volume = {145},
 year = {2022}
}

@article{KanVanTol22,
 author = {Konsta Kantola and Jari Vanhanen and Jussi Tolvanen},
 doi = {10.1016/j.infsof.2022.106900},
 pages = {106900},
 title = {Mind the product owner: An action research project into agile release planning.},
 type = {Journal Articles},
 venue = {Information and Software Technology},
 volume = {147},
 year = {2022}
}

@article{KaoChaJia22,
 author = {Chia Hung Kao and Cheng-Ying Chang and Hewijin Christine Jiau},
 doi = {10.1016/j.infsof.2021.106746},
 pages = {106746},
 title = {Towards cost-effective API deprecation: A win-win strategy for API developers and API users.},
 type = {Journal Articles},
 venue = {Information and Software Technology},
 volume = {142},
 year = {2022}
}

@article{KapTseKyr22,
 author = {Georgia M. Kapitsaki and Nikolaos D. Tselikas and Kyriakos-Ioannis D. Kyriakou and Maria Papoutsoglou},
 doi = {10.1016/j.infsof.2022.107034},
 pages = {107034},
 title = {Help me with this: A categorization of open source software problems.},
 type = {Journal Articles},
 venue = {Information and Software Technology},
 volume = {152},
 year = {2022}
}

@article{KasNisKam22,
 author = {Yutaro Kashiwa and Ryoma Nishikawa and Yasutaka Kamei and Masanari Kondo and Emad Shihab and Ryosuke Sato and Naoyasu Ubayashi},
 doi = {10.1016/j.infsof.2022.106855},
 pages = {106855},
 title = {An empirical study on self-admitted technical debt in modern code review.},
 type = {Journal Articles},
 venue = {Information and Software Technology},
 volume = {146},
 year = {2022}
}

@article{KhaAbrNia22,
 author = {Arif Ali Khan and Pekka Abrahamsson and Mahmood Niazi},
 doi = {10.1016/j.infsof.2022.107055},
 pages = {107055},
 title = {Introduction to the special issue on managing software processes using soft computing techniques.},
 type = {Journal Articles},
 venue = {Information and Software Technology},
 volume = {152},
 year = {2022}
}

@article{KhaFarKha22,
 author = {Zubair Khaliq and Sheikh Umar Farooq and Dawood Ashraf Khan},
 doi = {10.1016/j.infsof.2022.106969},
 pages = {106969},
 title = {A deep learning-based automated framework for functional User Interface testing.},
 type = {Journal Articles},
 venue = {Information and Software Technology},
 volume = {150},
 year = {2022}
}

@article{KhaSin22,
 author = {Yogita Khatri and Sandeep Kumar Singh},
 doi = {10.1016/j.infsof.2022.106980},
 pages = {106980},
 title = {Towards building a pragmatic cross-project defect prediction model combining non-effort based and effort-based performance measures for a balanced evaluation.},
 type = {Journal Articles},
 venue = {Information and Software Technology},
 volume = {150},
 year = {2022}
}

@article{KotKurDil22,
 author = {Svyatoslav Kotusev and Sherah Kurnia and Rod Dilnutt},
 doi = {10.1016/j.infsof.2022.106897},
 pages = {106897},
 title = {The practical roles of enterprise architecture artifacts: A classification and relationship.},
 type = {Journal Articles},
 venue = {Information and Software Technology},
 volume = {147},
 year = {2022}
}

@article{KraHanHas22,
 author = {Alexander Krause-Glau and Malte Hansen and Wilhelm Hasselbring},
 doi = {10.1016/j.infsof.2022.107007},
 pages = {107007},
 title = {Collaborative program comprehension via software visualization in extended reality.},
 type = {Journal Articles},
 venue = {Information and Software Technology},
 volume = {151},
 year = {2022}
}

@article{KruGruSic22,
 author = {Christian Krupitzer and Christian Gruhl and Bernhard Sick and Sven Tomforde},
 doi = {10.1016/j.infsof.2022.106826},
 pages = {106826},
 title = {Proactive hybrid learning and optimisation in self-adaptive systems: The swarm-fleet infrastructure scenario.},
 type = {Journal Articles},
 venue = {Information and Software Technology},
 volume = {145},
 year = {2022}
}

@article{KumSumKum22,
 author = {Kuldeep Kumar and Sumit and Sandeep Kumar and Lalit Kumar Singh and Alok Mishra},
 doi = {10.1016/j.infsof.2022.106895},
 pages = {106895},
 title = {Predicting reliability of software in industrial systems using a Petri net based approach: A case study on a safety system used in nuclear power plant.},
 type = {Journal Articles},
 venue = {Information and Software Technology},
 volume = {146},
 year = {2022}
}

@article{LamMarSia22,
 author = {Christos P. Lamprakos and Charalampos Marantos and Miltiadis G. Siavvas and Lazaros Papadopoulos and Angeliki-Agathi Tsintzira and Apostolos Ampatzoglou and Alexander Chatzigeorgiou and Dionysios D. Kehagias and Dimitrios Soudris},
 doi = {10.1016/j.infsof.2022.106851},
 pages = {106851},
 title = {Translating quality-driven code change selection to an instance of multiple-criteria decision making.},
 type = {Journal Articles},
 venue = {Information and Software Technology},
 volume = {145},
 year = {2022}
}

@article{LapPérPas22,
 author = {Raúl Lapeña and Francisca Pérez and Oscar Pastor and Carlos Cetina},
 doi = {10.1016/j.infsof.2022.106873},
 pages = {106873},
 title = {Leveraging execution traces to enhance traceability links recovery in BPMN models.},
 type = {Journal Articles},
 venue = {Information and Software Technology},
 volume = {146},
 year = {2022}
}

@article{LeeAma22,
 author = {Pattara Leelaprute and Sousuke Amasaki},
 doi = {10.1016/j.infsof.2022.106991},
 pages = {106991},
 title = {A comparative study on vectorization methods for non-functional requirements classification.},
 type = {Journal Articles},
 venue = {Information and Software Technology},
 volume = {150},
 year = {2022}
}

@article{LewMad22,
 author = {Tomasz Lewowski and Lech Madeyski},
 doi = {10.1016/j.infsof.2021.106783},
 pages = {106783},
 title = {How far are we from reproducible research on code smell detection? A systematic literature review.},
 type = {Journal Articles},
 venue = {Information and Software Technology},
 volume = {144},
 year = {2022}
}

@article{LiShaWu22,
 author = {Zhiding Li and Chenqi Shang and Jianjie Wu and Yuan Li},
 doi = {10.1016/j.infsof.2022.106992},
 pages = {106992},
 title = {Microservice extraction based on knowledge graph from monolithic applications.},
 type = {Journal Articles},
 venue = {Information and Software Technology},
 volume = {150},
 year = {2022}
}

@article{LiSheWu22,
 author = {Yanhui Li and Weijun Shen and Tengchao Wu and Lin Chen and Di Wu and Yuming Zhou and Baowen Xu},
 doi = {10.1016/j.infsof.2022.106954},
 pages = {106954},
 title = {How higher order mutant testing performs for deep learning models: A fine-grained evaluation of test effectiveness and efficiency improved from second-order mutant-classification tuples.},
 type = {Journal Articles},
 venue = {Information and Software Technology},
 volume = {150},
 year = {2022}
}

@article{LiShiWan22,
 author = {Mingyang Li and Lin Shi and Yawen Wang and Junjie Wang and Qing Wang and Jun Hu and Xinhua Peng and Weimin Liao and Guizhen Pi},
 doi = {10.1016/j.infsof.2021.106770},
 pages = {106770},
 title = {Automated data function extraction from textual requirements by leveraging semi-supervised CRF and language model.},
 type = {Journal Articles},
 venue = {Information and Software Technology},
 volume = {143},
 year = {2022}
}

@article{LiuLi22,
 author = {Pan Liu and Yihao Li},
 doi = {10.1016/j.infsof.2022.106838},
 pages = {106838},
 title = {Response time evaluation of mobile applications combining network protocol analysis and information fusion.},
 type = {Journal Articles},
 venue = {Information and Software Technology},
 volume = {145},
 year = {2022}
}

@article{LiuNoeLyo22,
 author = {Yuyang Liu and Ehsan Noei and Kelly A. Lyons},
 doi = {10.1016/j.infsof.2022.106924},
 pages = {106924},
 title = {How ReadMe files are structured in open source Java projects.},
 type = {Journal Articles},
 venue = {Information and Software Technology},
 volume = {148},
 year = {2022}
}

@article{LiuZhaLiu22,
 author = {Jia Liu and Runzi Zhang and Wenmao Liu and Yinghua Zhang and Dujuan Gu and Mingkai Tong and Xingkai Wang and Jianxin Xue and Huanran Wang},
 doi = {10.1016/j.infsof.2022.106856},
 pages = {106856},
 title = {Context2Vector: Accelerating security event triage via context representation learning.},
 type = {Journal Articles},
 venue = {Information and Software Technology},
 volume = {146},
 year = {2022}
}

@article{LiWerErn22,
 author = {Ze Shi Li and Colin M. Werner and Neil A. Ernst and Daniela E. Damian},
 doi = {10.1016/j.infsof.2022.106868},
 pages = {106868},
 title = {Towards privacy compliance: A design science study in a small organization.},
 type = {Journal Articles},
 venue = {Information and Software Technology},
 volume = {146},
 year = {2022}
}

@article{MahAjmWil22,
 author = {Rezvan Mahdavi-Hezaveh and Nirav Ajmeri and Laurie A. Williams},
 doi = {10.1016/j.infsof.2021.106813},
 pages = {106813},
 title = {Feature toggles as code: Heuristics and metrics for structuring feature toggles.},
 type = {Journal Articles},
 venue = {Information and Software Technology},
 volume = {145},
 year = {2022}
}

@article{MaKeuYan22,
 author = {Xiaoxue Ma and Jacky Keung and Zhen Yang and Xiao Yu and Yishu Li and Hao Zhang},
 doi = {10.1016/j.infsof.2022.106906},
 pages = {106906},
 title = {CASMS: Combining clustering with attention semantic model for identifying security bug reports.},
 type = {Journal Articles},
 venue = {Information and Software Technology},
 volume = {147},
 year = {2022}
}

@article{MakGra22,
 author = {Philip Makedonski and Jens Grabowski},
 doi = {10.1016/j.infsof.2021.106763},
 pages = {106763},
 title = {Facilitating the co-evolution of semantic descriptions in standards and models.},
 type = {Journal Articles},
 venue = {Information and Software Technology},
 volume = {143},
 year = {2022}
}

@article{MalLicSav22,
 author = {Saurabh Malgaonkar and Sherlock A. Licorish and Bastin Tony Roy Savarimuthu},
 doi = {10.1016/j.infsof.2021.106798},
 pages = {106798},
 title = {Prioritizing user concerns in app reviews - A study of requests for new features, enhancements and bug fixes.},
 type = {Journal Articles},
 venue = {Information and Software Technology},
 volume = {144},
 year = {2022}
}

@article{ManUdd22,
 author = {Nibir Chandra Mandal and Gias Uddin},
 doi = {10.1016/j.infsof.2022.106970},
 pages = {106970},
 title = {An empirical study of IoT security aspects at sentence-level in developer textual discussions.},
 type = {Journal Articles},
 venue = {Information and Software Technology},
 volume = {150},
 year = {2022}
}

@article{MasHodBli22,
 author = {Zainab Masood and Rashina Hoda and Kelly Blincoe and Daniela E. Damian},
 doi = {10.1016/j.infsof.2022.106963},
 pages = {106963},
 title = {Like, dislike, or just do it? How developers approach software development tasks.},
 type = {Journal Articles},
 venue = {Information and Software Technology},
 volume = {150},
 year = {2022}
}

@article{MatAmaDor22,
 author = {Santiago Matalonga and Domenico Amalfitano and Andréa Cristina de Souza Doreste and Anna Rita Fasolino and Guilherme Horta Travassos},
 doi = {10.1016/j.infsof.2022.106937},
 pages = {106937},
 title = {Alternatives for testing of context-aware software systems in non-academic settings: results from a Rapid Review.},
 type = {Journal Articles},
 venue = {Information and Software Technology},
 volume = {149},
 year = {2022}
}

@article{MelGueWan22,
 author = {Jorge Melegati and Eduardo Guerra and Xiaofeng Wang},
 doi = {10.1016/j.infsof.2021.106807},
 pages = {106807},
 title = {HyMap: Eliciting hypotheses in early-stage software startups using cognitive mapping.},
 type = {Journal Articles},
 venue = {Information and Software Technology},
 volume = {144},
 year = {2022}
}

@article{MoWeiFen22,
 author = {Ran Mo and Shaozhi Wei and Qiong Feng and Zengyang Li},
 doi = {10.1016/j.infsof.2021.106794},
 pages = {106794},
 title = {An exploratory study of bug prediction at the method level.},
 type = {Journal Articles},
 venue = {Information and Software Technology},
 volume = {144},
 year = {2022}
}

@article{MoyPufWeb22,
 author = {Cielo González Moyano and Luise Pufahl and Ingo Weber and Jan Mendling},
 doi = {10.1016/j.infsof.2022.107028},
 pages = {107028},
 title = {Uses of business process modeling in agile software development projects.},
 type = {Journal Articles},
 venue = {Information and Software Technology},
 volume = {152},
 year = {2022}
}

@article{MunScoMal22,
 author = {Omar De Munk and Gian Luca Scoccia and Ivano Malavolta},
 doi = {10.1016/j.infsof.2022.106944},
 pages = {106944},
 title = {The state of the art in measurement-based experiments on the mobile web.},
 type = {Journal Articles},
 venue = {Information and Software Technology},
 volume = {149},
 year = {2022}
}

@article{NguWebYue22,
 author = {Anh Nguyen-Duc and Barbara Weber and Tao Yue and Jingyue Li},
 doi = {10.1016/j.infsof.2022.107046},
 pages = {107046},
 title = {Special section on IST for EASE2021.},
 type = {Journal Articles},
 venue = {Information and Software Technology},
 volume = {152},
 year = {2022}
}

@article{NurShaCha22,
 author = {Arif Nurwidyantoro and Mojtaba Shahin and Michel R. V. Chaudron and Waqar Hussain and Rifat Ara Shams and Harsha Perera and Gillian Oliver and Jon Whittle},
 doi = {10.1016/j.infsof.2021.106731},
 pages = {106731},
 title = {Human values in software development artefacts: A case study on issue discussions in three Android applications.},
 type = {Journal Articles},
 venue = {Information and Software Technology},
 volume = {141},
 year = {2022}
}

@article{ObaNagSpe22,
 author = {Martin Obaidi and Lukas Nagel and Alexander Specht and Jil Klünder},
 doi = {10.1016/j.infsof.2022.107018},
 pages = {107018},
 title = {Sentiment analysis tools in software engineering: A systematic mapping study.},
 type = {Journal Articles},
 venue = {Information and Software Technology},
 volume = {151},
 year = {2022}
}

@article{OliBerMay22,
 author = {Miguel Angel Olivero and Antonia Bertolino and Francisco José Domínguez Mayo and Ilaria Matteucci and María José Escalona},
 doi = {10.1016/j.infsof.2022.106874},
 pages = {106874},
 title = {A Delphi study to recognize and assess systems of systems vulnerabilities.},
 type = {Journal Articles},
 venue = {Information and Software Technology},
 volume = {146},
 year = {2022}
}

@article{OliNetChe22,
 author = {Raphael Pereira de Oliveira and Paulo Anselmo da Mota Silveira Neto and Qihong Chen and Eduardo Santana de Almeida and Iftekhar Ahmed},
 doi = {10.1016/j.infsof.2022.107035},
 pages = {107035},
 title = {Different, Really! A comparison of Highly-Configurable Systems and Single Systems.},
 type = {Journal Articles},
 venue = {Information and Software Technology},
 volume = {152},
 year = {2022}
}

@article{OveMatJan22,
 author = {Michiel Overeem and Max Mathijssen and Slinger Jansen},
 doi = {10.1016/j.infsof.2022.106890},
 pages = {106890},
 title = {API-m-FAMM: A focus area maturity model for API Management.},
 type = {Journal Articles},
 venue = {Information and Software Technology},
 volume = {147},
 year = {2022}
}

@article{OzcTuzAla22,
 author = {Nilay Ozcelikkan and Gülfem Tuzkaya and Cigdem Alabas-Uslu and Bahar Sennaroglu},
 doi = {10.1016/j.infsof.2022.107023},
 pages = {107023},
 title = {A multi-objective agile project planning model and a comparative meta-heuristic approach.},
 type = {Journal Articles},
 venue = {Information and Software Technology},
 volume = {151},
 year = {2022}
}

@article{PatHieCla22,
 author = {Krishna Patel and Robert M. Hierons and David Clark},
 doi = {10.1016/j.infsof.2021.106759},
 pages = {106759},
 title = {An information theoretic notion of software testability.},
 type = {Journal Articles},
 venue = {Information and Software Technology},
 volume = {143},
 year = {2022}
}

@article{PerBruLár22,
 author = {John Stouby Persson and Anders Bruun and Marta Kristín Lárusdóttir and Peter Axel Nielsen},
 doi = {10.1016/j.infsof.2022.107059},
 pages = {107059},
 title = {Agile software development and UX design: A case study of integration by mutual adjustment.},
 type = {Journal Articles},
 venue = {Information and Software Technology},
 volume = {152},
 year = {2022}
}

@article{PetKugHut22,
 author = {Ana Petrovska and Stefan Kugele and Thomas Hutzelmann and Theo Beffart and Sebastian Bergemann and Alexander Pretschner},
 doi = {10.1016/j.infsof.2022.106866},
 pages = {106866},
 title = {Defining adaptivity and logical architecture for engineering (smart) self-adaptive cyber-physical systems.},
 type = {Journal Articles},
 venue = {Information and Software Technology},
 volume = {147},
 year = {2022}
}

@article{QamSülTüz22,
 author = {Khushbakht Ali Qamar and Emre Sülün and Eray Tüzün},
 doi = {10.1016/j.infsof.2022.106972},
 pages = {106972},
 title = {Taxonomy of bug tracking process smells: Perceptions of practitioners and an empirical analysis.},
 type = {Journal Articles},
 venue = {Information and Software Technology},
 volume = {150},
 year = {2022}
}

@article{RaiWoh22,
 author = {Austen Rainer and Claes Wohlin},
 doi = {10.1016/j.infsof.2022.107002},
 pages = {107002},
 title = {Recruiting credible participants for field studies in software engineering research.},
 type = {Journal Articles},
 venue = {Information and Software Technology},
 volume = {151},
 year = {2022}
}

@article{RajZahBab22,
 author = {Roshan Namal Rajapakse and Mansooreh Zahedi and Muhammad Ali Babar and Haifeng Shen},
 doi = {10.1016/j.infsof.2021.106700},
 pages = {106700},
 title = {Challenges and solutions when adopting DevSecOps: A systematic review.},
 type = {Journal Articles},
 venue = {Information and Software Technology},
 volume = {141},
 year = {2022}
}

@article{ReyGarBen22,
 author = {Owen Reynolds and Antonio García-Domínguez and Nelly Bencomo},
 doi = {10.1016/j.infsof.2021.106694},
 pages = {106694},
 title = {Cronista: A multi-database automated provenance collection system for runtime-models.},
 type = {Journal Articles},
 venue = {Information and Software Technology},
 volume = {141},
 year = {2022}
}

@article{RonWanMan22,
 author = {Shiyue Rong and Weisheng Wang and Umme Ayda Mannan and Eduardo Santana de Almeida and Shurui Zhou and Iftekhar Ahmed},
 doi = {10.1016/j.infsof.2022.106912},
 pages = {106912},
 title = {An empirical study of emoji use in software development communication.},
 type = {Journal Articles},
 venue = {Information and Software Technology},
 volume = {148},
 year = {2022}
}

@article{RziHasKes22,
 author = {Dhia Elhaq Rzig and Foyzul Hassan and Marouane Kessentini},
 doi = {10.1016/j.infsof.2022.107037},
 pages = {107037},
 title = {An empirical study on ML DevOps adoption trends, efforts, and benefits analysis.},
 type = {Journal Articles},
 venue = {Information and Software Technology},
 volume = {152},
 year = {2022}
}

@article{RíoEmbEra22,
 author = {Julio César Cortés Ríos and Suzanne M. Embury and Sukru Eraslan},
 doi = {10.1016/j.infsof.2021.106811},
 pages = {106811},
 title = {A unifying framework for the systematic analysis of Git workflows.},
 type = {Journal Articles},
 venue = {Information and Software Technology},
 volume = {145},
 year = {2022}
}

@article{SahÖzyTos22,
 author = {Sefa Eren Sahin and Ecem Mine Özyedierler and Ayse Tosun},
 doi = {10.1016/j.infsof.2022.106822},
 pages = {106822},
 title = {Predicting vulnerability inducing function versions using node embeddings and graph neural networks.},
 type = {Journal Articles},
 venue = {Information and Software Technology},
 volume = {145},
 year = {2022}
}

@article{SanAlmAhm22,
 author = {Daniel Amador dos Santos and Eduardo Santana de Almeida and Iftekhar Ahmed},
 doi = {10.1016/j.infsof.2022.106870},
 pages = {106870},
 title = {Investigating replication challenges through multiple replications of an experiment.},
 type = {Journal Articles},
 venue = {Information and Software Technology},
 volume = {147},
 year = {2022}
}

@article{SelOunSai22,
 author = {Khaled Sellami and Ali Ouni and Mohamed Aymen Saied and Salah Bouktif and Mohamed Wiem Mkaouer},
 doi = {10.1016/j.infsof.2022.106996},
 pages = {106996},
 title = {Improving microservices extraction using evolutionary search.},
 type = {Journal Articles},
 venue = {Information and Software Technology},
 volume = {151},
 year = {2022}
}

@article{SmiBibAmp22,
 author = {Paraskevi Smiari and Stamatia Bibi and Apostolos Ampatzoglou and Elvira-Maria Arvanitou},
 doi = {10.1016/j.infsof.2021.106760},
 pages = {106760},
 title = {Refactoring embedded software: A study in healthcare domain.},
 type = {Journal Articles},
 venue = {Information and Software Technology},
 volume = {143},
 year = {2022}
}

@article{SonKanHyu22,
 author = {Jiyoung Song and Jeehoon Kang and Sangwon Hyun and Eunkyoung Jee and Doo-Hwan Bae},
 doi = {10.1016/j.infsof.2022.106904},
 pages = {106904},
 title = {Continuous verification of system of systems with collaborative MAPE-K pattern and probability model slicing.},
 type = {Journal Articles},
 venue = {Information and Software Technology},
 volume = {147},
 year = {2022}
}

@article{SouLimFon22,
 author = {Jairo Souza and Rodrigo Lima and Baldoino Fonseca and Bruno Cartaxo and Márcio Ribeiro and Gustavo Pinto and Rohit Gheyi and Alessandro Garcia},
 doi = {10.1016/j.infsof.2021.106766},
 pages = {106766},
 title = {Developers&apos; viewpoints to avoid bug-introducing changes.},
 type = {Journal Articles},
 venue = {Information and Software Technology},
 volume = {143},
 year = {2022}
}

@article{StrHodPaa22,
 author = {Viktoria Stray and Rashina Hoda and Maria Paasivaara and Valentina Lenarduzzi and Daniel Méndez},
 doi = {10.1016/j.infsof.2022.107058},
 pages = {107058},
 title = {Theories in Agile Software Development: Past, Present, and Future Introduction to the XP 2020 Special Section.},
 type = {Journal Articles},
 venue = {Information and Software Technology},
 volume = {152},
 year = {2022}
}

@article{SunZhaFan22,
 author = {Weisong Sun and Quanjun Zhang and Chunrong Fang and Yuchen Chen and Xingya Wang and Ziyuan Wang},
 doi = {10.1016/j.infsof.2022.106994},
 pages = {106994},
 title = {Test case recommendation based on balanced distance of test targets.},
 type = {Journal Articles},
 venue = {Information and Software Technology},
 volume = {150},
 year = {2022}
}

@article{TanFeiAvg22,
 author = {Jie Tan and Daniel Feitosa and Paris Avgeriou},
 doi = {10.1016/j.infsof.2021.106738},
 pages = {106738},
 title = {Does it matter who pays back Technical Debt? An empirical study of self-fixed TD.},
 type = {Journal Articles},
 venue = {Information and Software Technology},
 volume = {143},
 year = {2022}
}

@article{TecTüzMor22,
 author = {K. Ayberk Tecimer and Eray Tüzün and Cansu Moran and Hakan Erdogmus},
 doi = {10.1016/j.infsof.2022.106956},
 pages = {106956},
 title = {Cleaning ground truth data in software task assignment.},
 type = {Journal Articles},
 venue = {Information and Software Technology},
 volume = {149},
 year = {2022}
}

@article{TheHeeAvg22,
 author = {Theo Theunissen and Uwe van Heesch and Paris Avgeriou},
 doi = {10.1016/j.infsof.2021.106733},
 pages = {106733},
 title = {A mapping study on documentation in Continuous Software Development.},
 type = {Journal Articles},
 venue = {Information and Software Technology},
 volume = {142},
 year = {2022}
}

@article{TiaLiaBab22,
 author = {Fangchao Tian and Peng Liang and Muhammad Ali Babar},
 doi = {10.1016/j.infsof.2021.106705},
 pages = {106705},
 title = {Relationships between software architecture and source code in practice: An exploratory survey and interview.},
 type = {Journal Articles},
 venue = {Information and Software Technology},
 volume = {141},
 year = {2022}
}

@article{TonLuXin22,
 author = {Haonan Tong and Wei Lu and Weiwei Xing and Bin Liu and Shihai Wang},
 doi = {10.1016/j.infsof.2021.106747},
 pages = {106747},
 title = {SHSE: A subspace hybrid sampling ensemble method for software defect number prediction.},
 type = {Journal Articles},
 venue = {Information and Software Technology},
 volume = {142},
 year = {2022}
}

@article{Tronícek22,
 author = {Zdenek Tronícek},
 doi = {10.1016/j.infsof.2021.106805},
 pages = {106805},
 title = {Indexing source code and clone detection.},
 type = {Journal Articles},
 venue = {Information and Software Technology},
 volume = {144},
 year = {2022}
}

@article{TsiWau22,
 author = {Konstantinos Tsilionis and Yves Wautelet},
 doi = {10.1016/j.infsof.2021.106734},
 pages = {106734},
 title = {A model-driven framework to support strategic agility: Value-added perspective.},
 type = {Journal Articles},
 venue = {Information and Software Technology},
 volume = {141},
 year = {2022}
}

@article{TunTraLe22,
 author = {Lam Nguyen Tung and Hoang-Viet Tran and Khoi Nguyen Le and Pham Ngoc Hung},
 doi = {10.1016/j.infsof.2022.106821},
 pages = {106821},
 title = {An automated test data generation method for void pointers and function pointers in C/C++ libraries and embedded projects.},
 type = {Journal Articles},
 venue = {Information and Software Technology},
 volume = {145},
 year = {2022}
}

@article{TyaSibSur22,
 author = {Sulabh Tyagi and Ritu Sibal and Bharti Suri},
 doi = {10.1016/j.infsof.2022.106828},
 pages = {106828},
 title = {Empirically developed framework for building trust in distributed agile teams.},
 type = {Journal Articles},
 venue = {Information and Software Technology},
 volume = {145},
 year = {2022}
}

@article{ValMarPan22,
 author = {Carolina Valverde and Adriana Marotta and José Ignacio Panach and Diego Vallespir},
 doi = {10.1016/j.infsof.2022.107029},
 pages = {107029},
 title = {Towards a model and methodology for evaluating data quality in software engineering experiments.},
 type = {Journal Articles},
 venue = {Information and Software Technology},
 volume = {151},
 year = {2022}
}

@article{Vidoni22,
 author = {Melina C. Vidoni},
 doi = {10.1016/j.infsof.2021.106791},
 pages = {106791},
 title = {A systematic process for Mining Software Repositories: Results from a systematic literature review.},
 type = {Journal Articles},
 venue = {Information and Software Technology},
 volume = {144},
 year = {2022}
}

@article{WanWuNiu22,
 author = {Yan Wang and Huayao Wu and Xintao Niu and Changhai Nie and Jiaxi Xu},
 doi = {10.1016/j.infsof.2021.106768},
 pages = {106768},
 title = {An Adaptive Penalty based Parallel Tabu Search for Constrained Covering Array Generation.},
 type = {Journal Articles},
 venue = {Information and Software Technology},
 volume = {143},
 year = {2022}
}

@article{WanZhaChe22,
 author = {Jun Wang and Xiaofang Zhang and Lin Chen and Xiaoyuan Xie},
 doi = {10.1016/j.infsof.2022.106845},
 pages = {106845},
 title = {Personalizing label prediction for GitHub issues.},
 type = {Journal Articles},
 venue = {Information and Software Technology},
 volume = {145},
 year = {2022}
}

@article{WarNolVog22,
 author = {Laura Wartschinski and Yannic Noller and Thomas Vogel and Timo Kehrer and Lars Grunske},
 doi = {10.1016/j.infsof.2021.106809},
 pages = {106809},
 title = {VUDENC: Vulnerability Detection with Deep Learning on a Natural Codebase for Python.},
 type = {Journal Articles},
 venue = {Information and Software Technology},
 volume = {144},
 year = {2022}
}

@article{WebWieFis22,
 author = {Dorian Weber and Paula Wiesner and Joachim Fischer},
 doi = {10.1016/j.infsof.2021.106695},
 pages = {106695},
 title = {A closer look at process-based simulation with stackless coroutines.},
 type = {Journal Articles},
 venue = {Information and Software Technology},
 volume = {141},
 year = {2022}
}

@article{WieRacRie22,
 author = {Marion Wiese and Paula Rachow and Matthias Riebisch and Julian Schwarze},
 doi = {10.1016/j.infsof.2022.106926},
 pages = {106926},
 title = {Preventing technical debt with the TAP framework for Technical Debt Aware Management.},
 type = {Journal Articles},
 venue = {Information and Software Technology},
 volume = {148},
 year = {2022}
}

@article{WloPonFal22,
 author = {Rafal Wlodarski and Aneta Poniszewska-Maranda and Jean-Rémy Falleri},
 doi = {10.1016/j.infsof.2021.106787},
 pages = {106787},
 title = {Impact of software development processes on the outcomes of student computing projects: A tale of two universities.},
 type = {Journal Articles},
 venue = {Information and Software Technology},
 volume = {144},
 year = {2022}
}

@article{WohKalFel22,
 author = {Claes Wohlin and Marcos Kalinowski and Katia Romero Felizardo and Emilia Mendes},
 doi = {10.1016/j.infsof.2022.106908},
 pages = {106908},
 title = {Successful combination of database search and snowballing for identification of primary studies in systematic literature studies.},
 type = {Journal Articles},
 venue = {Information and Software Technology},
 volume = {147},
 year = {2022}
}

@article{WonWagTre22,
 author = {Terence Wong and Markus Wagner and Christoph Treude},
 doi = {10.1016/j.infsof.2022.106934},
 pages = {106934},
 title = {Self-adaptive systems: A systematic literature review across categories and domains.},
 type = {Journal Articles},
 venue = {Information and Software Technology},
 volume = {148},
 year = {2022}
}

@article{WuSheChe22,
 author = {Dangwei Wu and Beijun Shen and Yuting Chen and He Jiang and Lei Qiao},
 doi = {10.1016/j.infsof.2022.107027},
 pages = {107027},
 title = {Automatically repairing tensor shape faults in deep learning programs.},
 type = {Journal Articles},
 venue = {Information and Software Technology},
 volume = {151},
 year = {2022}
}

@article{YanHeXia22,
 author = {Yilin Yang and Tianxing He and Zhilong Xia and Yang Feng},
 doi = {10.1016/j.infsof.2022.107004},
 pages = {107004},
 title = {A comprehensive empirical study on bug characteristics of deep learning frameworks.},
 type = {Journal Articles},
 venue = {Information and Software Technology},
 volume = {151},
 year = {2022}
}

@article{YanLiuNiu22,
 author = {Dapeng Yan and Kui Liu and Yuqing Niu and Li Li and Zhe Liu and Zhiming Liu and Jacques Klein and Tegawendé F. Bissyandé},
 doi = {10.1016/j.infsof.2022.107043},
 pages = {107043},
 title = {Crex: Predicting patch correctness in automated repair of C programs through transfer learning of execution semantics.},
 type = {Journal Articles},
 venue = {Information and Software Technology},
 volume = {152},
 year = {2022}
}

@article{YanWanFan22,
 author = {Kaiyuan Yang and Junfeng Wang and Zhiyang Fang and Peng Wu and Zihua Song},
 doi = {10.1016/j.infsof.2021.106818},
 pages = {106818},
 title = {Enhancing software modularization via semantic outliers filtration and label propagation.},
 type = {Journal Articles},
 venue = {Information and Software Technology},
 volume = {145},
 year = {2022}
}

@article{YiIsm22,
 author = {Jooyong Yi and Elkhan Ismayilzada},
 doi = {10.1016/j.infsof.2022.106865},
 pages = {106865},
 title = {Speeding up constraint-based program repair using a search-based technique.},
 type = {Journal Articles},
 venue = {Information and Software Technology},
 volume = {146},
 year = {2022}
}

@article{YuKeuXia22,
 author = {Xiao Yu and Jacky Keung and Yan Xiao and Shuo Feng and Fuyang Li and Heng Dai},
 doi = {10.1016/j.infsof.2022.106847},
 pages = {106847},
 title = {Predicting the precise number of software defects: Are we there yet?},
 type = {Journal Articles},
 venue = {Information and Software Technology},
 volume = {146},
 year = {2022}
}

@article{ZhaLiuChe22,
 author = {Mengxi Zhang and Huaxiao Liu and Chunyang Chen and Yuzhou Liu and Shuotong Bai},
 doi = {10.1016/j.infsof.2021.106797},
 pages = {106797},
 title = {Consistent or not? An investigation of using Pull Request Template in GitHub.},
 type = {Journal Articles},
 venue = {Information and Software Technology},
 volume = {144},
 year = {2022}
}

@article{ZhaMuChe22,
 author = {Chunyu Zhao and Yanzhou Mu and Xiang Chen and Jingke Zhao and Xiaolin Ju and Gan Wang},
 doi = {10.1016/j.infsof.2022.106982},
 pages = {106982},
 title = {Can test input selection methods for deep neural network guarantee test diversity? A large-scale empirical study.},
 type = {Journal Articles},
 venue = {Information and Software Technology},
 volume = {150},
 year = {2022}
}

@article{ZhaWanZha22,
 author = {Yanyang Zhao and Yawen Wang and Yuwei Zhang and Dalin Zhang and Yunzhan Gong and Dahai Jin},
 doi = {10.1016/j.infsof.2022.106939},
 pages = {106939},
 title = {ST-TLF: Cross-version defect prediction framework based transfer learning.},
 type = {Journal Articles},
 venue = {Information and Software Technology},
 volume = {149},
 year = {2022}
}

@article{ZhaYuKeu22,
 author = {Fengji Zhang and Xiao Yu and Jacky Keung and Fuyang Li and Zhiwen Xie and Zhen Yang and Caoyuan Ma and Zhimin Zhang},
 doi = {10.1016/j.infsof.2022.106922},
 pages = {106922},
 title = {Improving Stack Overflow question title generation with copying enhanced CodeBERT model and bi-modal information.},
 type = {Journal Articles},
 venue = {Information and Software Technology},
 volume = {148},
 year = {2022}
}

@article{ZhoHeZen22,
 author = {Chunying Zhou and Peng He and Cheng Zeng and Ju Ma},
 doi = {10.1016/j.infsof.2022.107057},
 pages = {107057},
 title = {Software defect prediction with semantic and structural information of codes based on Graph Neural Networks.},
 type = {Journal Articles},
 venue = {Information and Software Technology},
 volume = {152},
 year = {2022}
}

@article{ZhoYuFan22,
 author = {Ziyi Zhou and Huiqun Yu and Guisheng Fan and Zijie Huang and Xingguang Yang},
 doi = {10.1016/j.infsof.2021.106761},
 pages = {106761},
 title = {Summarizing source code with hierarchical code representation.},
 type = {Journal Articles},
 venue = {Information and Software Technology},
 volume = {143},
 year = {2022}
}

@article{ZorSigSal22,
 author = {Maximilian Zorzetti and Ingrid Signoretti and Larissa Salerno and Sabrina Marczak and Ricardo Bastos},
 doi = {10.1016/j.infsof.2021.106718},
 pages = {106718},
 title = {Improving Agile Software Development using User-Centered Design and Lean Startup.},
 type = {Journal Articles},
 venue = {Information and Software Technology},
 volume = {141},
 year = {2022}
}
