@article{AhmDev22,
 author = {Toufique Ahmed and Premkumar T. Devanbu},
 doi = {10.1145/3510003.3510049},
 pages = {1443-1455},
 title = {Multilingual training for Software Engineering.},
 type = {Conference and Workshop Papers},
 venue = {International Conference on Software Engineering},
 year = {2022}
}

@article{AmrMaoSeg22,
 author = {Gal Amram and Shahar Maoz and Itai Segall and Matan Yossef},
 doi = {10.1145/3510003.3510054},
 pages = {786-797},
 title = {Dynamic Update for Synthesized GR(1) Controllers.},
 type = {Conference and Workshop Papers},
 venue = {International Conference on Software Engineering},
 year = {2022}
}

@article{ArtHarPra22,
 author = {Ellen Arteca and Sebastian Harner and Michael Pradel and Frank Tip},
 doi = {10.1145/3510003.3510106},
 pages = {1494-1505},
 title = {Nessie: Automatically Testing JavaScript APIs with Asynchronous Callbacks.},
 type = {Conference and Workshop Papers},
 venue = {International Conference on Software Engineering},
 year = {2022}
}

@article{BabCanLiu22,
 author = {Timur Babakol and Anthony Canino and Yu David Liu},
 doi = {10.1145/3510003.3510145},
 pages = {823-834},
 title = {Eflect: Porting Energy-Aware Applications to Shared Environments.},
 type = {Conference and Workshop Papers},
 venue = {International Conference on Software Engineering},
 year = {2022}
}

@article{BaoXiaHas22,
 author = {Lingfeng Bao and Xin Xia and Ahmed E. Hassan and Xiaohu Yang},
 doi = {10.1145/3510003.3510113},
 pages = {2352-2364},
 title = {V-SZZ: Automatic Identification of Version Ranges Affected by CVE Vulnerabilities.},
 type = {Conference and Workshop Papers},
 venue = {International Conference on Software Engineering},
 year = {2022}
}

@article{BarChaLeg22,
 author = {Eduard Baranov and Sourav Chakraborty and Axel Legay and Kuldeep S. Meel and N. Variyam Vinodchandran},
 doi = {10.1145/3510003.3510218},
 pages = {36-47},
 title = {A Scalable t-wise Coverage Estimator.},
 type = {Conference and Workshop Papers},
 venue = {International Conference on Software Engineering},
 year = {2022}
}

@article{BarDuDav22,
 author = {Efe Barlas and Xin Du and James C. Davis},
 doi = {10.1145/3510003.3510047},
 pages = {883-895},
 title = {Exploiting Input Sanitization for Regex Denial of Service.},
 type = {Conference and Workshop Papers},
 venue = {International Conference on Software Engineering},
 year = {2022}
}

@article{BenXieLu22,
 author = {Samuel Benton and Yuntong Xie and Lan Lu and Mengshi Zhang and Xia Li and Lingming Zhang},
 doi = {10.1145/3510003.3510117},
 pages = {2165-2176},
 title = {Towards Boosting Patch Execution On-the-Fly.},
 type = {Conference and Workshop Papers},
 venue = {International Conference on Software Engineering},
 year = {2022}
}

@article{BeyHalLem22,
 author = {Dirk Beyer and Jan Haltermann and Thomas Lemberger and Heike Wehrheim},
 doi = {10.1145/3510003.3510064},
 pages = {536-548},
 title = {Decomposing Software Verification into Off-the-Shelf Components: An Application to CEGAR.},
 type = {Conference and Workshop Papers},
 venue = {International Conference on Software Engineering},
 year = {2022}
}

@article{BisWarRaj22,
 author = {Sumon Biswas and Mohammad Wardat and Hridesh Rajan},
 doi = {10.1145/3510003.3510057},
 pages = {2091-2103},
 title = {The Art and Practice of Data Science Pipelines: A Comprehensive Study of Data Science Pipelines In Theory, In-The-Small, and In-The-Large.},
 type = {Conference and Workshop Papers},
 venue = {International Conference on Software Engineering},
 year = {2022}
}

@article{BraAebÇal22,
 author = {Larissa Braz and Christian Aeberhard and Gül Çalikli and Alberto Bacchelli},
 doi = {10.1145/3510003.3511560},
 pages = {1317-1329},
 title = {Less is More: Supporting Developers in Vulnerability Detection during Code Review.},
 type = {Conference and Workshop Papers},
 venue = {International Conference on Software Engineering},
 year = {2022}
}

@article{BöhSzeMet22,
 author = {Marcel Böhme and László Szekeres and Jonathan Metzman},
 doi = {10.1145/3510003.3510230},
 pages = {1621-1633},
 title = {On the Reliability of Coverage-Based Fuzzer Benchmarking.},
 type = {Conference and Workshop Papers},
 venue = {International Conference on Software Engineering},
 year = {2022}
}

@article{CaoAhmRub22,
 author = {Michael Cao and Khaled Ahmed and Julia Rubin},
 doi = {10.1145/3510003.3510161},
 pages = {1919-1931},
 title = {Rotten Apples Spoil the Bunch: An Anatomy of Google Play Malware.},
 type = {Conference and Workshop Papers},
 venue = {International Conference on Software Engineering},
 year = {2022}
}

@article{CaoLiChe22,
 author = {Jialun Cao and Meiziniu Li and Xiao Chen and Ming Wen and Yongqiang Tian and Bo Wu and Shing-Chi Cheung},
 doi = {10.1145/3510003.3510099},
 pages = {573-585},
 title = {DeepFD: Automated Fault Diagnosis and Localization for Deep Learning Programs.},
 type = {Conference and Workshop Papers},
 venue = {International Conference on Software Engineering},
 year = {2022}
}

@article{CaoSunBo22,
 author = {Sicong Cao and Xiaobing Sun and Lili Bo and Rongxin Wu and Bin Li and Chuanqi Tao},
 doi = {10.1145/3510003.3510219},
 pages = {1456-1468},
 title = {MVD: Memory-Related Vulnerability Detection Based on Flow-Sensitive Graph Neural Networks.},
 type = {Conference and Workshop Papers},
 venue = {International Conference on Software Engineering},
 year = {2022}
}

@article{ChaAmaKom22,
 author = {Geetam Chawla and Navneet Aman and Raghavan Komondoor and Ashish Bokil and Nilesh Kharat},
 doi = {10.1145/3510003.3510148},
 pages = {2340-2351},
 title = {Verification of ORM-based Controllers by Summary Inference.},
 type = {Conference and Workshop Papers},
 venue = {International Conference on Software Engineering},
 year = {2022}
}

@article{ChaLeeLee22,
 author = {Sooyoung Cha and Myungho Lee and Seokhyun Lee and Hakjoo Oh},
 doi = {10.1145/3510003.3510185},
 pages = {2068-2079},
 title = {SYMTUNER: Maximizing the Power of Symbolic Execution by Adaptively Tuning External Parameters.},
 type = {Conference and Workshop Papers},
 venue = {International Conference on Software Engineering},
 year = {2022}
}

@article{ChaZhaShe22,
 author = {Yitian Chai and Hongyu Zhang and Beijun Shen and Xiaodong Gu},
 doi = {10.1145/3510003.3510125},
 pages = {487-498},
 title = {Cross-Domain Deep Code Search with Meta Learning.},
 type = {Conference and Workshop Papers},
 venue = {International Conference on Software Engineering},
 year = {2022}
}

@article{CheLacSch22,
 author = {Qibin Chen and Jeremy Lacomis and Edward J. Schwartz and Graham Neubig and Bogdan Vasilescu and Claire Le Goues},
 doi = {10.1145/3510003.3510162},
 pages = {2327-2339},
 title = {VarCLR: Variable Semantic Representation Pre-training via Contrastive Learning.},
 type = {Conference and Workshop Papers},
 venue = {International Conference on Software Engineering},
 year = {2022}
}

@article{CheLiuSu22,
 author = {Zhuangbin Chen and Jinyang Liu and Yuxin Su and Hongyu Zhang and Xiao Ling and Michael R. Lyu},
 doi = {10.1145/3510003.3510085},
 pages = {61-72},
 title = {Adaptive Performance Anomaly Detection for Online Service Systems via Pattern Sketching.},
 type = {Conference and Workshop Papers},
 venue = {International Conference on Software Engineering},
 year = {2022}
}

@article{CheWanWan22,
 author = {Jia Chen and Peng Wang and Wei Wang},
 doi = {10.1145/3510003.3510055},
 pages = {1646-1657},
 title = {Online Summarizing Alerts through Semantic and Behavior Information.},
 type = {Conference and Workshop Papers},
 venue = {International Conference on Software Engineering},
 year = {2022}
}

@article{CheWenShi22,
 author = {Boyuan Chen and Mingzhi Wen and Yong Shi and Dayi Lin and Gopi Krishnan Rajbahadur and Zhen Ming Jiang},
 doi = {10.1145/3510003.3510163},
 pages = {2202-2214},
 title = {Towards Training Reproducible Deep Learning Models.},
 type = {Conference and Workshop Papers},
 venue = {International Conference on Software Engineering},
 year = {2022}
}

@article{CheZhuHu22,
 author = {Wei Cheng and Xiangrong Zhu and Wei Hu},
 doi = {10.1145/3510003.3510078},
 pages = {451-461},
 title = {Conflict-aware Inference of Python Compatible Runtime Environments with Domain Knowledge Graph.},
 type = {Conference and Workshop Papers},
 venue = {International Conference on Software Engineering},
 year = {2022}
}

@article{CibDam22,
 author = {Agnieszka Ciborowska and Kostadin Damevski},
 doi = {10.1145/3510003.3510042},
 pages = {946-957},
 title = {Fast Changeset-based Bug Localization with BERT.},
 type = {Conference and Workshop Papers},
 venue = {International Conference on Software Engineering},
 year = {2022}
}

@article{CobMazHic22,
 author = {Michael Coblenz and Michelle L. Mazurek and Michael Hicks},
 doi = {10.1145/3510003.3510107},
 pages = {1021-1032},
 title = {Garbage Collection Makes Rust Easier to Use: A Randomized Controlled Trial of the Bronze Garbage Collector.},
 type = {Conference and Workshop Papers},
 venue = {International Conference on Software Engineering},
 year = {2022}
}

@article{CorRweFra22,
 author = {Maxime Cordy and Renaud Rwemalika and Adriano Franci and Mike Papadakis and Mark Harman},
 doi = {10.1145/3510003.3510194},
 pages = {982-994},
 title = {FlakiMe: Laboratory-Controlled Test Flakiness Impact Assessment.},
 type = {Conference and Workshop Papers},
 venue = {International Conference on Software Engineering},
 year = {2022}
}

@article{DanHorSmi22,
 author = {Anastasia Danilova and Stefan Horstmann and Matthew Smith and Alena Naiakshina},
 doi = {10.1145/3510003.3510223},
 pages = {2080-2090},
 title = {Testing Time Limits in Screener Questions for Online Surveys with Programmers.},
 type = {Conference and Workshop Papers},
 venue = {International Conference on Software Engineering},
 year = {2022}
}

@article{DilKetSan22,
 author = {Malinda Dilhara and Ameya Ketkar and Nikhith Sannidhi and Danny Dig},
 doi = {10.1145/3510003.3510225},
 pages = {736-748},
 title = {Discovering Repetitive Code Changes in Python ML Systems.},
 type = {Conference and Workshop Papers},
 venue = {International Conference on Software Engineering},
 year = {2022}
}

@article{DinRyaMyt22,
 author = {Elizabeth Dinella and Gabriel Ryan and Todd Mytkowicz and Shuvendu K. Lahiri},
 doi = {10.1145/3510003.3510141},
 pages = {2130-2141},
 title = {TOGA: A Neural Method for Test Oracle Generation.},
 type = {Conference and Workshop Papers},
 venue = {International Conference on Software Engineering},
 year = {2022}
}

@article{DonGuTia22,
 author = {Yiwen Dong and Tianxiao Gu and Yongqiang Tian and Chengnian Sun},
 doi = {10.1145/3510003.3510061},
 pages = {1982-1993},
 title = {SnR: Constraint-Based Type Inference for Incomplete Java Code Snippets.},
 type = {Conference and Workshop Papers},
 venue = {International Conference on Software Engineering},
 year = {2022}
}

@article{DonLouZhu22,
 author = {Jinhao Dong and Yiling Lou and Qihao Zhu and Zeyu Sun and Zhilin Li and Wenjie Zhang and Dan Hao},
 doi = {10.1145/3510003.3510069},
 pages = {970-981},
 title = {FIRA: Fine-Grained Graph-Based Code Change Representation for Automated Commit Message Generation.},
 type = {Conference and Workshop Papers},
 venue = {International Conference on Software Engineering},
 year = {2022}
}

@article{DubWeiBai22,
 author = {Clemens Dubslaff and Kallistos Weis and Christel Baier and Sven Apel},
 doi = {10.1145/3510003.3510200},
 pages = {325-337},
 title = {Causality in Configurable Software Systems.},
 type = {Conference and Workshop Papers},
 venue = {International Conference on Software Engineering},
 year = {2022}
}

@article{DuLiLiu22,
 author = {Zhengjie Du and Yuekang Li and Yang Liu and Bing Mao},
 doi = {10.1145/3510003.3510197},
 pages = {2440-2451},
 title = {Windranger: A Directed Greybox Fuzzer driven by Deviation Basic Blocks.},
 type = {Conference and Workshop Papers},
 venue = {International Conference on Software Engineering},
 year = {2022}
}

@article{EieSanLi22,
 author = {William Eiers and Ganesh Sankaran and Albert Li and Emily O&apos;Mahony and Benjamin Prince and Tevfik Bultan},
 doi = {10.1145/3510003.3510233},
 pages = {1805-1817},
 title = {Quantifying Permissiveness of Access Control Policies.},
 type = {Conference and Workshop Papers},
 venue = {International Conference on Software Engineering},
 year = {2022}
}

@article{EndBoeWei22,
 author = {Madeline Endres and Kevin Boehnke and Westley Weimer},
 doi = {10.1145/3510003.3510156},
 pages = {1107-1119},
 title = {Hashing It Out: A Survey of Programmers&apos; Cannabis Usage, Perception, and Motivation.},
 type = {Conference and Workshop Papers},
 venue = {International Conference on Software Engineering},
 year = {2022}
}

@article{EzzAbuAro22,
 author = {Saad Ezzini and Sallam Abualhaija and Chetan Arora and Mehrdad Sabetzadeh},
 doi = {10.1145/3510003.3510157},
 pages = {187-199},
 title = {Automated Handling of Anaphoric Ambiguity in Requirements: A Multi-solution Study.},
 type = {Conference and Workshop Papers},
 venue = {International Conference on Software Engineering},
 year = {2022}
}

@article{FanLamHer22,
 author = {Hongbo Fang and Hemank Lamba and James D. Herbsleb and Bogdan Vasilescu},
 doi = {10.1145/3510003.3510121},
 pages = {2116-2129},
 title = {&quot;This Is Damn Slick!&quot; Estimating the Impact of Tweets on Open Source Project Popularity and New Contributors.},
 type = {Conference and Workshop Papers},
 venue = {International Conference on Software Engineering},
 year = {2022}
}

@article{FanWeiJin22,
 author = {Ming Fan and Wenying Wei and Wuxia Jin and Zijiang Yang and Ting Liu},
 doi = {10.1145/3510003.3510137},
 pages = {871-882},
 title = {Explanation-Guided Fairness Testing through Genetic Algorithm.},
 type = {Conference and Workshop Papers},
 venue = {International Conference on Software Engineering},
 year = {2022}
}

@article{FazChoCop22,
 author = {Mattia Fazzini and Chase Choi and Juan Manuel Copia and Gabriel Lee and Yoshiki Kakehi and Alessandra Gorla and Alessandro Orso},
 doi = {10.1145/3510003.3510175},
 pages = {2266-2278},
 title = {Use of Test Doubles in Android Testing: An In-Depth Investigation.},
 type = {Conference and Workshop Papers},
 venue = {International Conference on Software Engineering},
 year = {2022}
}

@article{FenChe22,
 author = {Sidong Feng and Chunyang Chen},
 doi = {10.1145/3510003.3510048},
 pages = {1045-1057},
 title = {GIFdroid: Automated Replay of Visual Bug Reports for Android Apps.},
 type = {Conference and Workshop Papers},
 venue = {International Conference on Software Engineering},
 year = {2022}
}

@article{FenYanPen22,
 author = {Runhan Feng and Ziyang Yan and Shiyan Peng and Yuanyuan Zhang},
 doi = {10.1145/3510003.3510150},
 pages = {175-186},
 title = {Automated Detection of Password Leakage from Public GitHub Repositories.},
 type = {Conference and Workshop Papers},
 venue = {International Conference on Software Engineering},
 year = {2022}
}

@article{FirBru22,
 author = {Emily First and Yuriy Brun},
 doi = {10.1145/3510003.3510138},
 pages = {1-13},
 title = {Diversity-Driven Automated Formal Verification.},
 type = {Conference and Workshop Papers},
 venue = {International Conference on Software Engineering},
 year = {2022}
}

@article{FloPerWei22,
 author = {Juan Manuel Florez and Jonathan Perry and Shiyi Wei and Andrian Marcus},
 doi = {10.1145/3510003.3510167},
 pages = {1893-1905},
 title = {Retrieving Data Constraint Implementations Using Fine-Grained Code Patterns.},
 type = {Conference and Workshop Papers},
 venue = {International Conference on Software Engineering},
 year = {2022}
}

@article{GalLamMcI22,
 author = {Keheliya Gallaba and Maxime Lamothe and Shane McIntosh},
 doi = {10.1145/3510003.3510211},
 pages = {1330-1342},
 title = {Lessons from Eight Years of Operational Data from a Continuous Integration Service: An Exploratory Case Study of CircleCI.},
 type = {Conference and Workshop Papers},
 venue = {International Conference on Software Engineering},
 year = {2022}
}

@article{GaoFenYin22,
 author = {Xinyu Gao and Yang Feng and Yining Yin and Zixi Liu and Zhenyu Chen and Baowen Xu},
 doi = {10.1145/3510003.3510232},
 pages = {73-85},
 title = {Adaptive Test Selection for Deep Neural Networks.},
 type = {Conference and Workshop Papers},
 venue = {International Conference on Software Engineering},
 year = {2022}
}

@article{GaoLiLin22,
 author = {Yanjie Gao and Zhengxian Li and Haoxiang Lin and Hongyu Zhang and Ming Wu and Mao Yang},
 doi = {10.1145/3510003.3510077},
 pages = {1843-1855},
 title = {REFTY: Refinement Types for Valid Deep Learning Models.},
 type = {Conference and Workshop Papers},
 venue = {International Conference on Software Engineering},
 year = {2022}
}

@article{GaoZhaMa22,
 author = {Xuanqi Gao and Juan Zhai and Shiqing Ma and Chao Shen and Yufei Chen and Qian Wang},
 doi = {10.1145/3510003.3510087},
 pages = {921-933},
 title = {Fairneuron: Improving Deep Neural Network Fairness with Adversary Games on Selective Neurons.},
 type = {Conference and Workshop Papers},
 venue = {International Conference on Software Engineering},
 year = {2022}
}

@article{GarLiuZho22,
 author = {Péter Garamvölgyi and Yuxi Liu and Dong Zhou and Fan Long and Ming Wu},
 doi = {10.1145/3510003.3510086},
 pages = {2315-2326},
 title = {Utilizing Parallelism in Smart Contracts on Decentralized Blockchains by Taming Application-Inherent Conflicts.},
 type = {Conference and Workshop Papers},
 venue = {International Conference on Software Engineering},
 year = {2022}
}

@article{GeoKecSha22,
 author = {Stefanos Georgiou and Maria Kechagia and Tushar Sharma and Federica Sarro and Ying Zou},
 doi = {10.1145/3510003.3510221},
 pages = {1082-1094},
 title = {Green AI: Do Deep Learning Frameworks Have Different Costs?},
 type = {Conference and Workshop Papers},
 venue = {International Conference on Software Engineering},
 year = {2022}
}

@article{GerMarLat22,
 author = {Michael C. Gerten and Alexis L. Marsh and James I. Lathrop and Myra B. Cohen and Andrew S. Miner and Titus H. Klinge},
 doi = {10.1145/3510003.3510176},
 pages = {1193-1205},
 title = {Inference and Test Generation Using Program Invariants in Chemical Reaction Networks.},
 type = {Conference and Workshop Papers},
 venue = {International Conference on Software Engineering},
 year = {2022}
}

@article{GisAppPan22,
 author = {Matthías Páll Gissurarson and Leonhard Applis and Annibale Panichella and Arie van Deursen and David Sands},
 doi = {10.1145/3510003.3510620},
 pages = {1768-1780},
 title = {PROPR: Property-Based Automatic Program Repair.},
 type = {Conference and Workshop Papers},
 venue = {International Conference on Software Engineering},
 year = {2022}
}

@article{GotMavSch22,
 author = {Christoph Gote and Pavlin Mavrodiev and Frank Schweitzer and Ingo Scholtes},
 doi = {10.1145/3510003.3510619},
 pages = {262-273},
 title = {Big Data = Big Insights? Operationalising Brooks&apos; Law in a Massive GitHub Data Set.},
 type = {Conference and Workshop Papers},
 venue = {International Conference on Software Engineering},
 year = {2022}
}

@article{GreAvg22,
 author = {Harrison Green and Thanassis Avgerinos},
 doi = {10.1145/3510003.3510228},
 pages = {1070-1081},
 title = {GraphFuzz: Library API Fuzzing with Lifetime-aware Dataflow Graphs.},
 type = {Conference and Workshop Papers},
 venue = {International Conference on Software Engineering},
 year = {2022}
}

@article{GreRal22,
 author = {Lucas Gren and Paul Ralph},
 doi = {10.1145/3510003.3510100},
 pages = {2402-2414},
 title = {What Makes Effective Leadership in Agile Software Development Teams?},
 type = {Conference and Workshop Papers},
 venue = {International Conference on Software Engineering},
 year = {2022}
}

@article{GuLuoZho22,
 author = {Jiazhen Gu and Xuchuan Luo and Yangfan Zhou and Xin Wang},
 doi = {10.1145/3510003.3510092},
 pages = {1418-1430},
 title = {Muffin: Testing Deep Learning Libraries via Neural Architecture Fuzzing.},
 type = {Conference and Workshop Papers},
 venue = {International Conference on Software Engineering},
 year = {2022}
}

@article{GuoZhoYao22,
 author = {Yiyuan Guo and Jinguo Zhou and Peisen Yao and Qingkai Shi and Charles Zhang},
 doi = {10.1145/3510003.3510066},
 pages = {1718-1729},
 title = {Precise Divide-By-Zero Detection with Affirmative Evidence.},
 type = {Conference and Workshop Papers},
 venue = {International Conference on Software Engineering},
 year = {2022}
}

@article{HanYanMa22,
 author = {Ruidong Han and Chao Yang and Siqi Ma and JiangFeng Ma and Cong Sun and Juanru Li and Elisa Bertino},
 doi = {10.1145/3510003.3510084},
 pages = {462-473},
 title = {Control Parameters Considered Harmful: Detecting Range Specification Bugs in Drone Configuration Modules via Learning-Guided Search.},
 type = {Conference and Workshop Papers},
 venue = {International Conference on Software Engineering},
 year = {2022}
}

@article{HaoZhaLi22,
 author = {Yu Hao and Hang Zhang and Guoren Li and Xingyun Du and Zhiyun Qian and Ardalan Amiri Sani},
 doi = {10.1145/3510003.3510126},
 pages = {659-671},
 title = {Demystifying the Dependency Challenge in Kernel Fuzzing.},
 type = {Conference and Workshop Papers},
 venue = {International Conference on Software Engineering},
 year = {2022}
}

@article{HaqShiBri22,
 author = {Fitash Ul Haq and Donghwan Shin and Lionel C. Briand},
 doi = {10.1145/3510003.3510188},
 pages = {811-822},
 title = {Efficient Online Testing for DNN-Enabled Systems using Surrogate-Assisted and Many-Objective Optimization.},
 type = {Conference and Workshop Papers},
 venue = {International Conference on Software Engineering},
 year = {2022}
}

@article{HaqYadYan22,
 author = {Mirazul Haque and Yaswanth Yadlapalli and Wei Yang and Cong Liu},
 doi = {10.1145/3510003.3510088},
 pages = {835-846},
 title = {EREBA: Black-box Energy Testing of Adaptive Neural Networks.},
 type = {Conference and Workshop Papers},
 venue = {International Conference on Software Engineering},
 year = {2022}
}

@article{HeBarNic22,
 author = {Jie He and Ezio Bartocci and Dejan Nickovic and Haris Isakovic and Radu Grosu},
 doi = {10.1145/3510003.3510171},
 pages = {610-622},
 title = {DeepSTL - From English Requirements to Signal Temporal Logic.},
 type = {Conference and Workshop Papers},
 venue = {International Conference on Software Engineering},
 year = {2022}
}

@article{HeJiaLi22,
 author = {Haochen He and Zhouyang Jia and Shanshan Li and Yue Yu and Chenglong Zhou and Qing Liao and Ji Wang and Xiangke Liao},
 doi = {10.1145/3510003.3510094},
 pages = {1431-1442},
 title = {Multi-Intention-Aware Configuration Selection for Performance Tuning.},
 type = {Conference and Workshop Papers},
 venue = {International Conference on Software Engineering},
 year = {2022}
}

@article{HeLinGu22,
 author = {Jingzhu He and Yuhang Lin and Xiaohui Gu and Chin-Chia Michael Yeh and Zhongfang Zhuang},
 doi = {10.1145/3510003.3510110},
 pages = {1669-1680},
 title = {PerfSig: Extracting Performance Bug Signatures via Multi-modality Causal Analysis.},
 type = {Conference and Workshop Papers},
 venue = {International Conference on Software Engineering},
 year = {2022}
}

@article{HouDiaWan22,
 author = {Qinsheng Hou and Wenrui Diao and Yanhao Wang and Xiaofeng Liu and Song Liu and Lingyun Ying and Shanqing Guo and Yuanzhi Li and Meining Nie and Haixin Duan},
 doi = {10.1145/3510003.3510072},
 pages = {1257-1268},
 title = {Large-scale Security Measurements on the Android Firmware Ecosystem.},
 type = {Conference and Workshop Papers},
 venue = {International Conference on Software Engineering},
 year = {2022}
}

@article{HuMarCza22,
 author = {Boyue Caroline Hu and Lina Marsso and Krzysztof Czarnecki and Rick Salay and Huakun Shen and Marsha Chechik},
 doi = {10.1145/3510003.3510109},
 pages = {1145-1156},
 title = {If a Human Can See It, So Should Your System: Reliability Requirements for Machine Vision Components.},
 type = {Conference and Workshop Papers},
 venue = {International Conference on Software Engineering},
 year = {2022}
}

@article{HuoSuZha22,
 author = {Yintong Huo and Yuxin Su and Hongming Zhang and Michael R. Lyu},
 doi = {10.1145/3510003.3510158},
 pages = {138-149},
 title = {ARCLIN: Automated API Mention Resolution for Unformatted Texts.},
 type = {Conference and Workshop Papers},
 venue = {International Conference on Software Engineering},
 year = {2022}
}

@article{HuXiaLo22,
 author = {Xing Hu and Xin Xia and David Lo and Zhiyuan Wan and Qiuyuan Chen and Thomas Zimmermann},
 doi = {10.1145/3510003.3510152},
 pages = {1693-1705},
 title = {Practitioners&apos; Expectations on Automated Code Comment Generation.},
 type = {Conference and Workshop Papers},
 venue = {International Conference on Software Engineering},
 year = {2022}
}

@article{IzaGisGou22,
 author = {Maliheh Izadi and Roberta Gismondi and Georgios Gousios},
 doi = {10.1145/3510003.3510172},
 pages = {401-412},
 title = {CodeFill: Multi-token Code Completion by Jointly learning from Structure and Naming Sequences.},
 type = {Conference and Workshop Papers},
 venue = {International Conference on Software Engineering},
 year = {2022}
}

@article{JaiVaiIye22,
 author = {Naman Jain and Skanda Vaidyanath and Arun Shankar Iyer and Nagarajan Natarajan and Suresh Parthasarathy and Sriram K. Rajamani and Rahul Sharma},
 doi = {10.1145/3510003.3510203},
 pages = {1219-1231},
 title = {Jigsaw: Large Language Models meet Program Synthesis.},
 type = {Conference and Workshop Papers},
 venue = {International Conference on Software Engineering},
 year = {2022}
}

@article{JunKimChe22,
 author = {Chijung Jung and Doowon Kim and An Chen and Weihang Wang and Yunhui Zheng and Kyu Hyung Lee and Yonghwi Kwon},
 doi = {10.1145/3510003.3510139},
 pages = {1120-1132},
 title = {Hiding Critical Program Components via Ambiguous Translation.},
 type = {Conference and Workshop Papers},
 venue = {International Conference on Software Engineering},
 year = {2022}
}

@article{KanAwLo22,
 author = {Hong Jin Kang and Khai Loong Aw and David Lo},
 doi = {10.1145/3510003.3510214},
 pages = {698-709},
 title = {Detecting False Alarms from Automatic Static Analysis Tools: How Far are We?},
 type = {Conference and Workshop Papers},
 venue = {International Conference on Software Engineering},
 year = {2022}
}

@article{KauFeaAlv22,
 author = {Samuel J. Kaufman and Ryan Featherman and Justin Alvin and Bob Kurtz and Paul Ammann and René Just},
 doi = {10.1145/3510003.3510187},
 pages = {1743-1754},
 title = {Prioritizing Mutants to Guide Mutation Testing.},
 type = {Conference and Workshop Papers},
 venue = {International Conference on Software Engineering},
 year = {2022}
}

@article{KetSmiTsa22,
 author = {Ameya Ketkar and Oleg Smirnov and Nikolaos Tsantalis and Danny Dig and Timofey Bryksin},
 doi = {10.1145/3510003.3510115},
 pages = {1206-1218},
 title = {Inferring and Applying Type Changes.},
 type = {Conference and Workshop Papers},
 venue = {International Conference on Software Engineering},
 year = {2022}
}

@article{KhaMogJin22,
 author = {Anant Kharkar and Roshanak Zilouchian Moghaddam and Matthew Jin and Xiaoyu Liu and Xin Shi and Colin B. Clement and Neel Sundaresan},
 doi = {10.1145/3510003.3510153},
 pages = {1307-1316},
 title = {Learning to Reduce False Positives in Analytic Bug Detectors.},
 type = {Conference and Workshop Papers},
 venue = {International Conference on Software Engineering},
 year = {2022}
}

@article{KhaShiBia22,
 author = {Zanis Ali Khan and Donghwan Shin and Domenico Bianculli and Lionel C. Briand},
 doi = {10.1145/3510003.3510101},
 pages = {1095-1106},
 title = {Guidelines for Assessing the Accuracy of Log Message Template Identification Techniques.},
 type = {Conference and Workshop Papers},
 venue = {International Conference on Software Engineering},
 year = {2022}
}

@article{KimRagHeo22,
 author = {Hyunsu Kim and Mukund Raghothaman and Kihong Heo},
 doi = {10.1145/3510003.3510098},
 pages = {1282-1293},
 title = {Learning Probabilistic Models for Static Analysis Alarms.},
 type = {Conference and Workshop Papers},
 venue = {International Conference on Software Engineering},
 year = {2022}
}

@article{KloKloLe22,
 author = {Eliska Kloberdanz and Kyle G. Kloberdanz and Wei Le},
 doi = {10.1145/3510003.3510095},
 pages = {586-597},
 title = {DeepStability: A Study of Unstable Numerical Methods and Their Solutions in Deep Learning.},
 type = {Conference and Workshop Papers},
 venue = {International Conference on Software Engineering},
 year = {2022}
}

@article{KukPinAmm22,
 author = {James Kukucka and Luís Pina and Paul Ammann and Jonathan Bell},
 doi = {10.1145/3510003.3510628},
 pages = {438-450},
 title = {CONFETTI: Amplifying Concolic Guidance for Fuzzers.},
 type = {Conference and Workshop Papers},
 venue = {International Conference on Software Engineering},
 year = {2022}
}

@article{LeeHonOh22,
 author = {Junhee Lee and Seongjoon Hong and Hakjoo Oh},
 doi = {10.1145/3510003.3510186},
 pages = {1532-1544},
 title = {NPEX: Repairing Java Null Pointer Exceptions without Tests.},
 type = {Conference and Workshop Papers},
 venue = {International Conference on Software Engineering},
 year = {2022}
}

@article{LeZha22,
 author = {Van-Hoang Le and Hongyu Zhang},
 doi = {10.1145/3510003.3510155},
 pages = {1356-1367},
 title = {Log-based Anomaly Detection with Deep Learning: How Far Are We?},
 type = {Conference and Workshop Papers},
 venue = {International Conference on Software Engineering},
 year = {2022}
}

@article{LiCheChe22,
 author = {Zhen Li and Qian (Guenevere) Chen and Chen Chen and Yayi Zou and Shouhuai Xu},
 doi = {10.1145/3510003.3510181},
 pages = {1906-1918},
 title = {RoPGen: Towards Robust Code Authorship Attribution via Automatic Coding Style Transformation.},
 type = {Conference and Workshop Papers},
 venue = {International Conference on Software Engineering},
 year = {2022}
}

@article{LiJiaXu22,
 author = {Cong Li and Yanyan Jiang and Chang Xu},
 doi = {10.1145/3510003.3510056},
 pages = {1793-1804},
 title = {Push-Button Synthesis of Watch Companions for Android Apps.},
 type = {Conference and Workshop Papers},
 venue = {International Conference on Software Engineering},
 year = {2022}
}

@article{LiMaWan22,
 author = {Zongjie Li and Pingchuan Ma and Huaijin Wang and Shuai Wang and Qiyi Tang and Sen Nie and Shi Wu},
 doi = {10.1145/3510003.3510217},
 pages = {2253-2265},
 title = {Unleashing the Power of Compiler Intermediate Representation to Enhance Neural Program Embeddings.},
 type = {Conference and Workshop Papers},
 venue = {International Conference on Software Engineering},
 year = {2022}
}

@article{LiMenChe22,
 author = {Yanhui Li and Linghan Meng and Lin Chen and Li Yu and Di Wu and Yuming Zhou and Baowen Xu},
 doi = {10.1145/3510003.3510091},
 pages = {2215-2227},
 title = {Training Data Debugging for the Fairness of Machine Learning Software.},
 type = {Conference and Workshop Papers},
 venue = {International Conference on Software Engineering},
 year = {2022}
}

@article{LiShiLi22,
 author = {Wenqiang Li and Jiameng Shi and Fengjun Li and Jingqiang Lin and Wei Wang and Le Guan},
 doi = {10.1145/3510003.3510208},
 pages = {1-12},
 title = {$\mu AFL$: Non-intrusive Feedback-driven Fuzzing for Microcontroller Firmware.},
 type = {Conference and Workshop Papers},
 venue = {International Conference on Software Engineering},
 year = {2022}
}

@article{LiuCheFan22,
 author = {Chengwei Liu and Sen Chen and Lingling Fan and Bihuan Chen and Yang Liu and Xin Peng},
 doi = {10.1145/3510003.3510142},
 pages = {672-684},
 title = {Demystifying the Vulnerability Propagation and Its Evolution via Dependency Trees in the NPM Ecosystem.},
 type = {Conference and Workshop Papers},
 venue = {International Conference on Software Engineering},
 year = {2022}
}

@article{LiuFenYin22,
 author = {Zixi Liu and Yang Feng and Yining Yin and Zhenyu Chen},
 doi = {10.1145/3510003.3510231},
 pages = {598-609},
 title = {DeepState: Selecting Test Suites to Enhance the Robustness of Recurrent Neural Networks.},
 type = {Conference and Workshop Papers},
 venue = {International Conference on Software Engineering},
 year = {2022}
}

@article{LiuLiDen22,
 author = {Yi Liu and Yuekang Li and Gelei Deng and Yang Liu and Ruiyuan Wan and Runchao Wu and Dandan Ji and Shiheng Xu and Minli Bao},
 doi = {10.1145/3510003.3510133},
 pages = {1406-1417},
 title = {Morest: Model-based RESTful API Testing with Execution Feedback.},
 type = {Conference and Workshop Papers},
 venue = {International Conference on Software Engineering},
 year = {2022}
}

@article{LiuLiFu22,
 author = {Fang Liu and Ge Li and Zhiyi Fu and Shuai Lu and Yiyang Hao and Zhi Jin},
 doi = {10.1145/3510003.3510154},
 pages = {1294-1306},
 title = {Learning to Recommend Method Names with Global Context.},
 type = {Conference and Workshop Papers},
 venue = {International Conference on Software Engineering},
 year = {2022}
}

@article{LiuLinAnu22,
 author = {Yalin Liu and Jinfeng Lin and Oghenemaro Anuyah and Ronald A. Metoyer and Jane Cleland-Huang},
 doi = {10.1145/3510003.3510129},
 pages = {1033-1044},
 title = {Generating and Visualizing Trace Link Explanations.},
 type = {Conference and Workshop Papers},
 venue = {International Conference on Software Engineering},
 year = {2022}
}

@article{LiuLiSwa22,
 author = {Peiming Liu and Yanze Li and Bradley Swain and Jeff Huang},
 doi = {10.1145/3510003.3510075},
 pages = {1781-1792},
 title = {PUS: A Fast and Highly Efficient Solver for Inclusion-based Pointer Analysis.},
 type = {Conference and Workshop Papers},
 venue = {International Conference on Software Engineering},
 year = {2022}
}

@article{LiuWanLiu22,
 author = {Changlin Liu and Hanlin Wang and Tianming Liu and Diandian Gu and Yun Ma and Haoyu Wang and Xusheng Xiao},
 doi = {10.1145/3510003.3510037},
 pages = {1755-1767},
 title = {PROMAL: Precise Window Transition Graphs for Android via Synergy of Program Analysis and Machine Learning.},
 type = {Conference and Workshop Papers},
 venue = {International Conference on Software Engineering},
 year = {2022}
}

@article{LiuZhoAru22,
 author = {Xinyu Liu and Qi Zhou and Joy Arulraj and Alessandro Orso},
 doi = {10.1145/3510003.3510093},
 pages = {225-236},
 title = {Automatic Detection of Performance Bugs in Database Systems using Equivalent Queries.},
 type = {Conference and Workshop Papers},
 venue = {International Conference on Software Engineering},
 year = {2022}
}

@article{LiWanLin22,
 author = {Zhenming Li and Ying Wang and Zeqi Lin and Shing-Chi Cheung and Jian-Guang Lou},
 doi = {10.1145/3510003.3510118},
 pages = {1545-1557},
 title = {Nufix: Escape From NuGet Dependency Maze.},
 type = {Conference and Workshop Papers},
 venue = {International Conference on Software Engineering},
 year = {2022}
}

@article{LiWanNgu22,
 author = {Yi Li and Shaohua Wang and Tien N. Nguyen},
 doi = {10.1145/3510003.3510177},
 pages = {511-523},
 title = {DEAR: A Novel Deep Learning-based Approach for Automated Program Repair.},
 type = {Conference and Workshop Papers},
 venue = {International Conference on Software Engineering},
 year = {2022}
}

@article{LiXuZha22,
 author = {Bolun Li and Hao Xu and Qidong Zhao and Pengfei Su and Milind Chabbi and Shuyin Jiao and Xu Liu},
 doi = {10.1145/3510003.3510083},
 pages = {1558-1570},
 title = {OJXPERF: Featherlight Object Replica Detection for Java Programs.},
 type = {Conference and Workshop Papers},
 venue = {International Conference on Software Engineering},
 year = {2022}
}

@article{LiYanHua22,
 author = {Renjue Li and Pengfei Yang and Cheng-Chao Huang and Youcheng Sun and Bai Xue and Lijun Zhang},
 doi = {10.1145/3510003.3510143},
 pages = {2189-2201},
 title = {Towards Practical Robustness Analysis for DNNs based on PAC-Model Learning.},
 type = {Conference and Workshop Papers},
 venue = {International Conference on Software Engineering},
 year = {2022}
}

@article{LiZhuWan22,
 author = {Chengpeng Li and Chenguang Zhu and Wenxi Wang and August Shi},
 doi = {10.1145/3510003.3510173},
 pages = {1881-1892},
 title = {Repairing Order-Dependent Flaky Tests via Test Generation.},
 type = {Conference and Workshop Papers},
 venue = {International Conference on Software Engineering},
 year = {2022}
}

@article{LorRalFel22,
 author = {Tobias Lorey and Paul Ralph and Michael Felderer},
 doi = {10.1145/3510003.3510076},
 pages = {1994-2005},
 title = {Social Science Theories in Software Engineering Research.},
 type = {Conference and Workshop Papers},
 venue = {International Conference on Software Engineering},
 year = {2022}
}

@article{MasPasBav22,
 author = {Antonio Mastropaolo and Luca Pascarella and Gabriele Bavota},
 doi = {10.1145/3510003.3511561},
 pages = {2279-2290},
 title = {Using Deep Learning to Generate Complete Log Statements.},
 type = {Conference and Workshop Papers},
 venue = {International Conference on Software Engineering},
 year = {2022}
}

@article{MehHan22,
 author = {Nils Mehlhorn and Stefan Hanenberg},
 doi = {10.1145/3510003.3519016},
 pages = {1157-1168},
 title = {Imperative versus Declarative Collection Processing: An RCT on the Understandability of Traditional Loops versus the Stream API in Java.},
 type = {Conference and Workshop Papers},
 venue = {International Conference on Software Engineering},
 year = {2022}
}

@article{MenDonLi22,
 author = {Ruijie Meng and Zhen Dong and Jialin Li and Ivan Beschastnikh and Abhik Roychoudhury},
 doi = {10.1145/3510003.3510082},
 pages = {1343-1355},
 title = {Linear-time Temporal Logic guided Greybox Fuzzing.},
 type = {Conference and Workshop Papers},
 venue = {International Conference on Software Engineering},
 year = {2022}
}

@article{MenWanZha22,
 author = {Xiangxin Meng and Xu Wang and Hongyu Zhang and Hailong Sun and Xudong Liu},
 doi = {10.1145/3510003.3510147},
 pages = {1169-1180},
 title = {Improving Fault Localization and Program Repair with Deep Semantic Features and Transferred Knowledge.},
 type = {Conference and Workshop Papers},
 venue = {International Conference on Software Engineering},
 year = {2022}
}

@article{MilCohKlu22,
 author = {Courtney Miller and Sophie Cohen and Daniel Klug and Bogdan Vasilescu and Christian Kästner},
 doi = {10.1145/3510003.3510111},
 pages = {710-722},
 title = {&quot;Did You Miss My Comment or What?&quot; Understanding Toxicity in Open Source Discussions.},
 type = {Conference and Workshop Papers},
 venue = {International Conference on Software Engineering},
 year = {2022}
}

@article{MirLatPro22,
 author = {Amir M. Mir and Evaldas Latoskinas and Sebastian Proksch and Georgios Gousios},
 doi = {10.1145/3510003.3510124},
 pages = {2241-2252},
 title = {Type4Py: Practical Deep Similarity Learning-Based Type Inference for Python.},
 type = {Conference and Workshop Papers},
 venue = {International Conference on Software Engineering},
 year = {2022}
}

@article{MoldapAgu22,
 author = {Facundo Molina and Marcelo d&apos;Amorim and Nazareno Aguirre},
 doi = {10.1145/3510003.3510120},
 pages = {1008-1020},
 title = {Fuzzing Class Specifications.},
 type = {Conference and Workshop Papers},
 venue = {International Conference on Software Engineering},
 year = {2022}
}

@article{MosOkuMir22,
 author = {Sara Moshtari and Ahmet Okutan and Mehdi Mirakhorli},
 doi = {10.1145/3510003.3510210},
 pages = {13-24},
 title = {A Grounded Theory Based Approach to Characterize Software Attack Surfaces.},
 type = {Conference and Workshop Papers},
 venue = {International Conference on Software Engineering},
 year = {2022}
}

@article{NahZhoLew22,
 author = {Nadia Nahar and Shurui Zhou and Grace A. Lewis and Christian Kästner},
 doi = {10.1145/3510003.3510209},
 pages = {413-425},
 title = {Collaboration Challenges in Building ML-Enabled Systems: Communication, Documentation, Engineering, and Process.},
 type = {Conference and Workshop Papers},
 venue = {International Conference on Software Engineering},
 year = {2022}
}

@article{NemAntTaf22,
 author = {Preksha Nema and Pauline Anthonysamy and Nina Taft and Sai Teja Peddinti},
 doi = {10.1145/3510003.3510079},
 pages = {112-124},
 title = {Analyzing User Perspectives on Mobile App Privacy at Scale.},
 type = {Conference and Workshop Papers},
 venue = {International Conference on Software Engineering},
 year = {2022}
}

@article{NguGru22,
 author = {Hoang Lam Nguyen and Lars Grunske},
 doi = {10.1145/3510003.3510182},
 pages = {249-261},
 title = {BEDIVFUZZ: Integrating Behavioral Diversity into Generator-based Fuzzing.},
 type = {Conference and Workshop Papers},
 venue = {International Conference on Software Engineering},
 year = {2022}
}

@article{NguIslPan22,
 author = {Giang Nguyen and Md Johirul Islam and Rangeet Pan and Hridesh Rajan},
 doi = {10.1145/3510003.3510052},
 pages = {1368-1380},
 title = {Manas: Mining Software Repositories to Assist AutoML.},
 type = {Conference and Workshop Papers},
 venue = {International Conference on Software Engineering},
 year = {2022}
}

@article{NiuLiNg22,
 author = {Changan Niu and Chuanyi Li and Vincent Ng and Jidong Ge and Liguo Huang and Bin Luo},
 doi = {10.1145/3510003.3510096},
 pages = {1-13},
 title = {SPT-Code: Sequence-to-Sequence Pre-Training for Learning Source Code Representations.},
 type = {Conference and Workshop Papers},
 venue = {International Conference on Software Engineering},
 year = {2022}
}

@article{NolShaGao22,
 author = {Yannic Noller and Ridwan Shariffdeen and Xiang Gao and Abhik Roychoudhury},
 doi = {10.1145/3510003.3510040},
 pages = {2228-2240},
 title = {Trust Enhancement Issues in Program Repair.},
 type = {Conference and Workshop Papers},
 venue = {International Conference on Software Engineering},
 year = {2022}
}

@article{OleNayAda22,
 author = {Doriane Olewicki and Mathieu Nayrolles and Bram Adams},
 doi = {10.1145/3510003.3510122},
 pages = {2177-2188},
 title = {Towards language-independent Brown Build Detection.},
 type = {Conference and Workshop Papers},
 venue = {International Conference on Software Engineering},
 year = {2022}
}

@article{PanRaj22,
 author = {Rangeet Pan and Hridesh Rajan},
 doi = {10.1145/3510003.3510051},
 pages = {524-535},
 title = {Decomposing Convolutional Neural Networks into Reusable and Replaceable Modules.},
 type = {Conference and Workshop Papers},
 venue = {International Conference on Software Engineering},
 year = {2022}
}

@article{PatPra22,
 author = {Jibesh Patra and Michael Pradel},
 doi = {10.1145/3510003.3510144},
 pages = {1469-1481},
 title = {Nalin: learning from Runtime Behavior to Find Name-Value Inconsistencies in Jupyter Notebooks.},
 type = {Conference and Workshop Papers},
 venue = {International Conference on Software Engineering},
 year = {2022}
}

@article{PatZhaPap22,
 author = {Zach Patterson and Zenong Zhang and Brent Pappas and Shiyi Wei and Paul Gazzillo},
 doi = {10.1145/3510003.3512763},
 pages = {2056-2067},
 title = {SugarC: Scalable Desugaring of Real-World Preprocessor Usage into Pure C.},
 type = {Conference and Workshop Papers},
 venue = {International Conference on Software Engineering},
 year = {2022}
}

@article{PenGaoLi22,
 author = {Yun Peng and Cuiyun Gao and Zongjie Li and Bowei Gao and David Lo and Qirun Zhang and Michael R. Lyu},
 doi = {10.1145/3510003.3510038},
 pages = {2019-2030},
 title = {Static Inference Meets Deep learning: A Hybrid Type Inference Approach for Python.},
 type = {Conference and Workshop Papers},
 venue = {International Conference on Software Engineering},
 year = {2022}
}

@article{RanTërKhe22,
 author = {Georges Aaron Randrianaina and Xhevahire Tërnava and Djamel Eddine Khelladi and Mathieu Acher},
 doi = {10.1145/3510003.3510190},
 pages = {1584-1596},
 title = {On the Benefits and Limits of Incremental Build of Software Configurations: An Exploratory Study.},
 type = {Conference and Workshop Papers},
 venue = {International Conference on Software Engineering},
 year = {2022}
}

@article{ReiJahMoc22,
 author = {David Reid and Mahmoud Jahanshahi and Audris Mockus},
 doi = {10.1145/3510003.3510216},
 pages = {2104-2115},
 title = {The Extent of Orphan Vulnerabilities from Code Reuse in Open Source Software.},
 type = {Conference and Workshop Papers},
 venue = {International Conference on Software Engineering},
 year = {2022}
}

@article{RenSunXua22,
 author = {Zhilei Ren and Shiwei Sun and Jifeng Xuan and Xiaochen Li and Zhide Zhou and He Jiang},
 doi = {10.1145/3510003.3510102},
 pages = {200-211},
 title = {Automated Patching for Unreproducible Builds.},
 type = {Conference and Workshop Papers},
 venue = {International Conference on Software Engineering},
 year = {2022}
}

@article{RonZhaYan22,
 author = {Guoping Rong and Yifan Zhang and Lanxin Yang and Fuli Zhang and Hongyu Kuang and He Zhang},
 doi = {10.1145/3510003.3510213},
 pages = {1381-1392},
 title = {Modeling Review History for Reviewer Recommendation: A Hypergraph Approach.},
 type = {Conference and Workshop Papers},
 venue = {International Conference on Software Engineering},
 year = {2022}
}

@article{RuvLilGug22,
 author = {Anastasia Ruvimova and Alexander Lill and Jan Gugler and Lauren C. Howe and Elaine Huang and Gail C. Murphy and Thomas Fritz},
 doi = {10.1145/3510003.3510081},
 pages = {99-111},
 title = {An Exploratory Study of Productivity Perceptions in Software Teams.},
 type = {Conference and Workshop Papers},
 venue = {International Conference on Software Engineering},
 year = {2022}
}

@article{SahDowBre22,
 author = {Seemanta Saha and Mara Downing and Tegan Brennan and Tevfik Bultan},
 doi = {10.1145/3510003.3510227},
 pages = {1706-1717},
 title = {PREACH: A Heuristic for Probabilistic Reachability to Identify Hard to Reach Statements.},
 type = {Conference and Workshop Papers},
 venue = {International Conference on Software Engineering},
 year = {2022}
}

@article{SahUraMah22,
 author = {Ripon K. Saha and Akira Ura and Sonal Mahajan and Chenguang Zhu and Linyi Li and Yang Hu and Hiroaki Yoshida and Sarfraz Khurshid and Mukul R. Prasad},
 doi = {10.1145/3510003.3510226},
 pages = {1932-1944},
 title = {SAPIENTML: Synthesizing Machine Learning Pipelines by Learning from Human-Written Solutions.},
 type = {Conference and Workshop Papers},
 venue = {International Conference on Software Engineering},
 year = {2022}
}

@article{SamGaoDao22,
 author = {Jordan Samhi and Jun Gao and Nadia Daoudi and Pierre Graux and Henri Hoyez and Xiaoyu Sun and Kevin Allix and Tegawendé F. Bissyandé and Jacques Klein},
 doi = {10.1145/3510003.3512766},
 pages = {1232-1244},
 title = {JuCify: A Step Towards Android Code Unification for Enhanced Static Analysis.},
 type = {Conference and Workshop Papers},
 venue = {International Conference on Software Engineering},
 year = {2022}
}

@article{SamLiBis22,
 author = {Jordan Samhi and Li Li and Tegawendé F. Bissyandé and Jacques Klein},
 doi = {10.1145/3510003.3510135},
 pages = {723-735},
 title = {Difuzer: Uncovering Suspicious Hidden Sensitive Operations in Android Apps.},
 type = {Conference and Workshop Papers},
 venue = {International Conference on Software Engineering},
 year = {2022}
}

@article{SanRal22,
 author = {Ronnie Edson de Souza Santos and Paul Ralph},
 doi = {10.1145/3510003.3510105},
 pages = {25-35},
 title = {A Grounded Theory of Coordination in Remote-First and Hybrid Software Teams.},
 type = {Conference and Workshop Papers},
 venue = {International Conference on Software Engineering},
 year = {2022}
}

@article{SchSun22,
 author = {Richard Schumi and Jun Sun},
 doi = {10.1145/3510003.3510112},
 pages = {859-870},
 title = {ExAIS: Executable AI Semantics.},
 type = {Conference and Workshop Papers},
 venue = {International Conference on Software Engineering},
 year = {2022}
}

@article{SejSch22,
 author = {Adriana Sejfia and Max Schäfer},
 doi = {10.1145/3510003.3510104},
 pages = {1681-1692},
 title = {Practical Automated Detection of Malicious npm Packages.},
 type = {Conference and Workshop Papers},
 venue = {International Conference on Software Engineering},
 year = {2022}
}

@article{SheBanNat22,
 author = {Manish Shetty and Chetan Bansal and Suman Nath and Sean Bowles and Henry Wang and Ozgur Arman and Siamak Ahari},
 doi = {10.1145/3510003.3512759},
 pages = {549-560},
 title = {DeepAnalyze: Learning to Localize Crashes at Scale.},
 type = {Conference and Workshop Papers},
 venue = {International Conference on Software Engineering},
 year = {2022}
}

@article{ShiMuZha22,
 author = {Lin Shi and Fangwen Mu and Yumin Zhang and Ye Yang and Junjie Chen and Xiao Chen and Hanzhi Jiang and Ziyou Jiang and Qing Wang},
 doi = {10.1145/3510003.3510108},
 pages = {299-311},
 title = {BugListener: Identifying and Synthesizing Bug Reports from Collaborative Live Chats.},
 type = {Conference and Workshop Papers},
 venue = {International Conference on Software Engineering},
 year = {2022}
}

@article{ShiWanDu22,
 author = {Ensheng Shi and Yanlin Wang and Lun Du and Junjie Chen and Shi Han and Hongyu Zhang and Dongmei Zhang and Hongbin Sun},
 doi = {10.1145/3510003.3510060},
 pages = {1597-1608},
 title = {On the Evaluation of Neural Code Summarization.},
 type = {Conference and Workshop Papers},
 venue = {International Conference on Software Engineering},
 year = {2022}
}

@article{ShiXiaHat22,
 author = {Naomichi Shimada and Tao Xiao and Hideaki Hata and Christoph Treude and Kenichi Matsumoto},
 doi = {10.1145/3510003.3510116},
 pages = {1058-1069},
 title = {GitHub Sponsors: Exploring a New Way to Contribute to Open Source.},
 type = {Conference and Workshop Papers},
 venue = {International Conference on Software Engineering},
 year = {2022}
}

@article{SokWeiSal22,
 author = {Daniel Sokolowski and Pascal Weisenburger and Guido Salvaneschi},
 doi = {10.1145/3510003.3510065},
 pages = {350-362},
 title = {Change Is the Only Constant: Dynamic Updates for Workflows.},
 type = {Conference and Workshop Papers},
 venue = {International Conference on Software Engineering},
 year = {2022}
}

@article{SonHurKim22,
 author = {Suhwan Song and Jaewon Hur and Sunwoo Kim and Philip Rogers and Byoungyoung Lee},
 doi = {10.1145/3510003.3510044},
 pages = {1818-1829},
 title = {R2Z2: Detecting Rendering Regressions in Web Browsers through Differential Fuzz Testing.},
 type = {Conference and Workshop Papers},
 venue = {International Conference on Software Engineering},
 year = {2022}
}

@article{StiBinRoo22,
 author = {Quentin Stiévenart and David W. Binkley and Coen De Roover},
 doi = {10.1145/3510003.3510070},
 pages = {2031-2042},
 title = {Static Stack-Preserving Intra-Procedural Slicing of WebAssembly Binaries.},
 type = {Conference and Workshop Papers},
 venue = {International Conference on Software Engineering},
 year = {2022}
}

@article{SunFanChe22,
 author = {Weisong Sun and Chunrong Fang and Yuchen Chen and Guanhong Tao and Tingxu Han and Quanjun Zhang},
 doi = {10.1145/3510003.3510140},
 pages = {388-400},
 title = {Code Search based on Context-aware Code Translation.},
 type = {Conference and Workshop Papers},
 venue = {International Conference on Software Engineering},
 year = {2022}
}

@article{SunLiLiu22,
 author = {Zhensu Sun and Li Li and Yan Liu and Xiaoning Du and Li Li},
 doi = {10.1145/3510003.3510160},
 pages = {1609-1620},
 title = {On the Importance of Building High-quality Training Datasets for Neural Code Search.},
 type = {Conference and Workshop Papers},
 venue = {International Conference on Software Engineering},
 year = {2022}
}

@article{SunSunPha22,
 author = {Bing Sun and Jun Sun and Long H. Pham and Tie Shi},
 doi = {10.1145/3510003.3510080},
 pages = {338-349},
 title = {Causality-Based Neural Network Repair.},
 type = {Conference and Workshop Papers},
 venue = {International Conference on Software Engineering},
 year = {2022}
}

@article{SunZhaXio22,
 author = {Zeyu Sun and Jie M. Zhang and Yingfei Xiong and Mark Harman and Mike Papadakis and Lu Zhang},
 doi = {10.1145/3510003.3510206},
 pages = {1181-1192},
 title = {Improving Machine Translation Systems via Isotopic Replacement.},
 type = {Conference and Workshop Papers},
 venue = {International Conference on Software Engineering},
 year = {2022}
}

@article{TanGaoZho22,
 author = {Xin Tan and Kai Gao and Minghui Zhou and Li Zhang},
 doi = {10.1145/3510003.3510199},
 pages = {86-98},
 title = {An Exploratory Study of Deep learning Supply Chain.},
 type = {Conference and Workshop Papers},
 venue = {International Conference on Software Engineering},
 year = {2022}
}

@article{TanSheLi22,
 author = {Ze Tang and Xiaoyu Shen and Chuanyi Li and Jidong Ge and Liguo Huang and Zheling Zhu and Bin Luo},
 doi = {10.1145/3510003.3510224},
 pages = {150-162},
 title = {AST-Trans: Code Summarization with Efficient Tree-Structured Attention.},
 type = {Conference and Workshop Papers},
 venue = {International Conference on Software Engineering},
 year = {2022}
}

@article{ThoPorTan22,
 author = {Patanamon Thongtanunam and Chanathip Pornprasit and Chakkrit Tantithamthavorn},
 doi = {10.1145/3510003.3510067},
 pages = {237-248},
 title = {AutoTransform: Automated Code Transformation to Support Modern Code Review Process.},
 type = {Conference and Workshop Papers},
 venue = {International Conference on Software Engineering},
 year = {2022}
}

@article{TiaZhaSto22,
 author = {Yingchen Tian and Yuxia Zhang and Klaas-Jan Stol and Lin Jiang and Hui Liu},
 doi = {10.1145/3510003.3510205},
 pages = {2389-2401},
 title = {What Makes a Good Commit Message?},
 type = {Conference and Workshop Papers},
 venue = {International Conference on Software Engineering},
 year = {2022}
}

@article{TizKumTan22,
 author = {Saeid Tizpaz-Niari and Ashish Kumar and Gang Tan and Ashutosh Trivedi},
 doi = {10.1145/3510003.3510202},
 pages = {909-920},
 title = {Fairness-aware Configuration of Machine Learning Libraries.},
 type = {Conference and Workshop Papers},
 venue = {International Conference on Software Engineering},
 year = {2022}
}

@article{TufMasMas22,
 author = {Rosalia Tufano and Simone Masiero and Antonio Mastropaolo and Luca Pascarella and Denys Poshyvanyk and Gabriele Bavota},
 doi = {10.1145/3510003.3510621},
 pages = {2291-2302},
 title = {Using Pre-Trained Models to Boost Code Review Automation.},
 type = {Conference and Workshop Papers},
 venue = {International Conference on Software Engineering},
 year = {2022}
}

@article{TufScaPas22,
 author = {Rosalia Tufano and Simone Scalabrino and Luca Pascarella and Emad Aghajani and Rocco Oliveto and Gabriele Bavota},
 doi = {10.1145/3510003.3510625},
 pages = {2303-2314},
 title = {Using Reinforcement Learning for Load Testing of Video Games.},
 type = {Conference and Workshop Papers},
 venue = {International Conference on Software Engineering},
 year = {2022}
}

@article{TurShaAld22,
 author = {Alexi Turcotte and Michael D. Shah and Mark W. Aldrich and Frank Tip},
 doi = {10.1145/3510003.3510097},
 pages = {774-785},
 title = {DrAsync: Identifying and Visualizing Anti-Patterns in Asynchronous JavaScript.},
 type = {Conference and Workshop Papers},
 venue = {International Conference on Software Engineering},
 year = {2022}
}

@article{TusEbrMah22,
 author = {Miroslav Tushev and Fahimeh Ebrahimi and Anas Mahmoud},
 doi = {10.1145/3510003.3510201},
 pages = {762-773},
 title = {Domain-Specific Analysis of Mobile App Reviews Using Keyword-Assisted Topic Models.},
 type = {Conference and Workshop Papers},
 venue = {International Conference on Software Engineering},
 year = {2022}
}

@article{UttLiuKal22,
 author = {Akshay Utture and Shuyang Liu and Christian Gram Kalhauge and Jens Palsberg},
 doi = {10.1145/3510003.3510166},
 pages = {2043-2055},
 title = {Striking a Balance: Pruning False-Positives from Static Call Graphs.},
 type = {Conference and Workshop Papers},
 venue = {International Conference on Software Engineering},
 year = {2022}
}

@article{UttPal22,
 author = {Akshay Utture and Jens Palsberg},
 doi = {10.1145/3510003.3510046},
 pages = {934-945},
 title = {Fast and Precise Application Code Analysis using a Partial Library.},
 type = {Conference and Workshop Papers},
 venue = {International Conference on Software Engineering},
 year = {2022}
}

@article{VelJamSie22,
 author = {Miguel Velez and Pooyan Jamshidi and Norbert Siegmund and Sven Apel and Christian Kästner},
 doi = {10.1145/3510003.3510043},
 pages = {1571-1583},
 title = {On Debugging the Performance of Configurable Software Systems: Developer Needs and Tailored Tool Support.},
 type = {Conference and Workshop Papers},
 venue = {International Conference on Software Engineering},
 year = {2022}
}

@article{WanJiaLi22,
 author = {Deze Wang and Zhouyang Jia and Shanshan Li and Yue Yu and Yun Xiong and Wei Dong and Xiangke Liao},
 doi = {10.1145/3510003.3510062},
 pages = {287-298},
 title = {Bridging Pre-trained Models and Downstream Tasks for Source Code Understanding.},
 type = {Conference and Workshop Papers},
 venue = {International Conference on Software Engineering},
 year = {2022}
}

@article{WanLiuXie22,
 author = {Chengcheng Wan and Shicheng Liu and Sophie Xie and Yifan Liu and Henry Hoffmann and Michael Maire and Shan Lu},
 doi = {10.1145/3510003.3510068},
 pages = {212-224},
 title = {Automated Testing of Software that Uses Machine Learning APIs.},
 type = {Conference and Workshop Papers},
 venue = {International Conference on Software Engineering},
 year = {2022}
}

@article{WanLutQia22,
 author = {Jiannan Wang and Thibaud Lutellier and Shangshu Qian and Hung Viet Pham and Lin Tan},
 doi = {10.1145/3510003.3510165},
 pages = {798-810},
 title = {EAGLE: Creating Equivalent Graphs to Test Deep Learning Libraries.},
 type = {Conference and Workshop Papers},
 venue = {International Conference on Software Engineering},
 year = {2022}
}

@article{WanWanZha22,
 author = {Yawen Wang and Junjie Wang and Hongyu Zhang and Xuran Ming and Lin Shi and Qing Wang},
 doi = {10.1145/3510003.3510189},
 pages = {2427-2439},
 title = {Where is Your App Frustrating Users?},
 type = {Conference and Workshop Papers},
 venue = {International Conference on Software Engineering},
 year = {2022}
}

@article{WanWanZha22a,
 author = {Sinan Wang and Yibo Wang and Xian Zhan and Ying Wang and Yepang Liu and Xiapu Luo and Shing-Chi Cheung},
 doi = {10.1145/3510003.3510074},
 pages = {125-137},
 title = {APER: Evolution-Aware Runtime Permission Misuse Detection for Android Apps.},
 type = {Conference and Workshop Papers},
 venue = {International Conference on Software Engineering},
 year = {2022}
}

@article{WanXuCha22,
 author = {Tao Wang and Qingxin Xu and Xiaoning Chang and Wensheng Dou and Jiaxin Zhu and Jinhui Xie and Yuetang Deng and Jianbo Yang and Jiaheng Yang and Jun Wei and Tao Huang},
 doi = {10.1145/3510003.3510114},
 pages = {363-375},
 title = {Characterizing and Detecting Bugs in WeChat Mini-Programs.},
 type = {Conference and Workshop Papers},
 venue = {International Conference on Software Engineering},
 year = {2022}
}

@article{WanZhaZha22,
 author = {Yao Wan and Wei Zhao and Hongyu Zhang and Yulei Sui and Guandong Xu and Hai Jin},
 doi = {10.1145/3510003.3510050},
 pages = {2377-2388},
 title = {What Do They Capture? - A Structural Analysis of Pre-Trained Language Models for Source Code.},
 type = {Conference and Workshop Papers},
 venue = {International Conference on Software Engineering},
 year = {2022}
}

@article{WarCruLe22,
 author = {Mohammad Wardat and Breno Dantas Cruz and Wei Le and Hridesh Rajan},
 doi = {10.1145/3510003.3510071},
 pages = {561-572},
 title = {DeepDiagnosis: Automatically Diagnosing Faults and Recommending Actionable Fixes in Deep Learning Programs.},
 type = {Conference and Workshop Papers},
 venue = {International Conference on Software Engineering},
 year = {2022}
}

@article{WeiDenYan22,
 author = {Anjiang Wei and Yinlin Deng and Chenyuan Yang and Lingming Zhang},
 doi = {10.1145/3510003.3510041},
 pages = {995-1007},
 title = {Free Lunch for Testing: Fuzzing Deep-Learning Libraries from Open Source.},
 type = {Conference and Workshop Papers},
 venue = {International Conference on Software Engineering},
 year = {2022}
}

@article{WeiHarHua22,
 author = {Moshi Wei and Nima Shiri Harzevili and Yuchao Huang and Junjie Wang and Song Wang},
 doi = {10.1145/3510003.3510159},
 pages = {376-387},
 title = {CLEAR: Contrastive Learning for API Recommendation.},
 type = {Conference and Workshop Papers},
 venue = {International Conference on Software Engineering},
 year = {2022}
}

@article{WeiYiLi22,
 author = {Anjiang Wei and Pu Yi and Zhengxi Li and Tao Xie and Darko Marinov and Wing Lam},
 doi = {10.1145/3510003.3510170},
 pages = {1730-1742},
 title = {Preempting Flaky Tests via Non-Idempotent-Outcome Tests.},
 type = {Conference and Workshop Papers},
 venue = {International Conference on Software Engineering},
 year = {2022}
}

@article{WenHeWu22,
 author = {Cheng Wen and Mengda He and Bohao Wu and Zhiwu Xu and Shengchao Qin},
 doi = {10.1145/3510003.3510178},
 pages = {474-486},
 title = {Controlled Concurrency Testing via Periodical Scheduling.},
 type = {Conference and Workshop Papers},
 venue = {International Conference on Software Engineering},
 year = {2022}
}

@article{WesAbdWie22,
 author = {Mairieli Santos Wessel and Ahmad Abdellatif and Igor Wiese and Tayana Conte and Emad Shihab and Marco Aurélio Gerosa and Igor Steinmacher},
 doi = {10.1145/3510003.3512765},
 pages = {274-286},
 title = {Bots for Pull Requests: The Good, the Bad, and the Promising.},
 type = {Conference and Workshop Papers},
 venue = {International Conference on Software Engineering},
 year = {2022}
}

@article{WinWinWin22,
 author = {Cailin Winston and Caleb Winston and Chloe N. Winston and Claris Winston and Cleah Winston and Rajesh P. N. Rao and René Just},
 doi = {10.1145/3510003.3512764},
 pages = {1869-1880},
 title = {Repairing Brain-Computer Interfaces with Fault-Based Data Acquisition.},
 type = {Conference and Workshop Papers},
 venue = {International Conference on Software Engineering},
 year = {2022}
}

@article{WooElbSul22,
 author = {Trey Woodlief and Sebastian G. Elbaum and Kevin Sullivan},
 doi = {10.1145/3510003.3510212},
 pages = {1958-1969},
 title = {Semantic Image Fuzzing of AI Perception Systems.},
 type = {Conference and Workshop Papers},
 venue = {International Conference on Software Engineering},
 year = {2022}
}

@article{WuDonFan22,
 author = {Jin Wu and Jian Dong and Ruili Fang and Wen Zhang and Wenwen Wang and Decheng Zuo},
 doi = {10.1145/3510003.3510169},
 pages = {896-908},
 title = {FADATest: Fast and Adaptive Performance Regression Testing of Dynamic Binary Translation Systems.},
 type = {Conference and Workshop Papers},
 venue = {International Conference on Software Engineering},
 year = {2022}
}

@article{WuJiaXia22,
 author = {Mingyuan Wu and Ling Jiang and Jiahong Xiang and Yanwei Huang and Heming Cui and Lingming Zhang and Yuqun Zhang},
 doi = {10.1145/3510003.3510174},
 pages = {1634-1645},
 title = {One Fuzzing Strategy to Rule Them All.},
 type = {Conference and Workshop Papers},
 venue = {International Conference on Software Engineering},
 year = {2022}
}

@article{WuJiaXia22a,
 author = {Mingyuan Wu and Ling Jiang and Jiahong Xiang and Yuqun Zhang and Guowei Yang and Huixin Ma and Sen Nie and Shi Wu and Heming Cui and Lingming Zhang},
 doi = {10.1145/3510003.3510089},
 pages = {847-858},
 title = {Evaluating and Improving Neural Program-Smoothing-based Fuzzing.},
 type = {Conference and Workshop Papers},
 venue = {International Conference on Software Engineering},
 year = {2022}
}

@article{WuXuNiu22,
 author = {Huayao Wu and Lixin Xu and Xintao Niu and Changhai Nie},
 doi = {10.1145/3510003.3510151},
 pages = {426-437},
 title = {Combinatorial Testing of RESTful APIs.},
 type = {Conference and Workshop Papers},
 venue = {International Conference on Software Engineering},
 year = {2022}
}

@article{WuZouDou22,
 author = {Yueming Wu and Deqing Zou and Shihan Dou and Wei Yang and Duo Xu and Hai Jin},
 doi = {10.1145/3510003.3510229},
 pages = {2365-2376},
 title = {VulCNN: An Image-inspired Scalable Vulnerability Detection System.},
 type = {Conference and Workshop Papers},
 venue = {International Conference on Software Engineering},
 year = {2022}
}

@article{WysCarDav22,
 author = {Elizabeth Wyss and Lorenzo De Carli and Drew Davidson},
 doi = {10.1145/3510003.3510168},
 pages = {2415-2426},
 title = {What the Fork? Finding Hidden Code Clones in npm.},
 type = {Conference and Workshop Papers},
 venue = {International Conference on Software Engineering},
 year = {2022}
}

@article{XiaHeXu22,
 author = {Wenxin Xiao and Hao He and Weiwei Xu and Xin Tan and Jinhao Dong and Minghui Zhou},
 doi = {10.1145/3510003.3510196},
 pages = {1830-1842},
 title = {Recommending Good First Issues in GitHub OSS Projects.},
 type = {Conference and Workshop Papers},
 venue = {International Conference on Software Engineering},
 year = {2022}
}

@article{XiaHuaZho22,
 author = {Yi Xiang and Han Huang and Yuren Zhou and Sizhe Li and Chuan Luo and Qingwei Lin and Miqing Li and Xiaowei Yang},
 doi = {10.1145/3510003.3510053},
 pages = {1945-1957},
 title = {Search-based Diverse Sampling from Real-world Software Product Lines.},
 type = {Conference and Workshop Papers},
 venue = {International Conference on Software Engineering},
 year = {2022}
}

@article{XieLeiYan22,
 author = {Huan Xie and Yan Lei and Meng Yan and Yue Yu and Xin Xia and Xiaoguang Mao},
 doi = {10.1145/3510003.3510136},
 pages = {48-60},
 title = {A Universal Data Augmentation Approach for Fault Localization.},
 type = {Conference and Workshop Papers},
 venue = {International Conference on Software Engineering},
 year = {2022}
}

@article{XuCheHe22,
 author = {Rongchen Xu and Jianhui Chen and Fei He},
 doi = {10.1145/3510003.3510220},
 pages = {499-510},
 title = {Data-Driven Loop Bound Learning for Termination Analysis.},
 type = {Conference and Workshop Papers},
 venue = {International Conference on Software Engineering},
 year = {2022}
}

@article{YanLiChe22,
 author = {Shishuai Yang and Rui Li and Jiongyi Chen and Wenrui Diao and Shanqing Guo},
 doi = {10.1145/3510003.3510045},
 pages = {647-658},
 title = {Demystifying Android Non-SDK APls: Measurement and Understanding.},
 type = {Conference and Workshop Papers},
 venue = {International Conference on Software Engineering},
 year = {2022}
}

@article{YanShiHe22,
 author = {Zhou Yang and Jieke Shi and Junda He and David Lo},
 doi = {10.1145/3510003.3510146},
 pages = {1482-1493},
 title = {Natural Attack for Pre-trained Models of Code.},
 type = {Conference and Workshop Papers},
 venue = {International Conference on Software Engineering},
 year = {2022}
}

@article{YanWanYao22,
 author = {Shao Yang and Yuehan Wang and Yuan Yao and Haoyu Wang and Yanfang (Fanny) Ye and Xusheng Xiao},
 doi = {10.1145/3510003.3510058},
 pages = {685-697},
 title = {DescribeCtx: Context-Aware Description Synthesis for Sensitive Behaviors in Mobile Apps.},
 type = {Conference and Workshop Papers},
 venue = {International Conference on Software Engineering},
 year = {2022}
}

@article{YanXuChe22,
 author = {Can Yang and Zhengzi Xu and Hongxu Chen and Yang Liu and Xiaorui Gong and Baoxu Liu},
 doi = {10.1145/3510003.3510627},
 pages = {1393-1405},
 title = {ModX: Binary Level Partially Imported Third-Party Library Detection via Program Modularization and Semantic Matching.},
 type = {Conference and Workshop Papers},
 venue = {International Conference on Software Engineering},
 year = {2022}
}

@article{YeCheDou22,
 author = {Hongjie Ye and Wei Chen and Wensheng Dou and Guoquan Wu and Jun Wei},
 doi = {10.1145/3510003.3510127},
 pages = {1245-1256},
 title = {Knowledge-Based Environment Dependency Inference for Python Programs.},
 type = {Conference and Workshop Papers},
 venue = {International Conference on Software Engineering},
 year = {2022}
}

@article{YeMarMon22,
 author = {He Ye and Matias Martinez and Martin Monperrus},
 doi = {10.1145/3510003.3510222},
 pages = {1506-1518},
 title = {Neural Program Repair with Execution-based Backpropagation.},
 type = {Conference and Workshop Papers},
 venue = {International Conference on Software Engineering},
 year = {2022}
}

@article{YuLouSun22,
 author = {Hao Yu and Yiling Lou and Ke Sun and Dezhi Ran and Tao Xie and Dan Hao and Ying Li and Ge Li and Qianxiang Wang},
 doi = {10.1145/3510003.3510149},
 pages = {163-174},
 title = {Automated Assertion Generation via Information Retrieval and Its Integration with Deep learning.},
 type = {Conference and Workshop Papers},
 venue = {International Conference on Software Engineering},
 year = {2022}
}

@article{ZenWuYe22,
 author = {Muhan Zeng and Yiqian Wu and Zhentao Ye and Yingfei Xiong and Xin Zhang and Lu Zhang},
 doi = {10.1145/3510003.3510073},
 pages = {958-969},
 title = {Fault Localization via Efficient Probabilistic Modeling of Program Semantics.},
 type = {Conference and Workshop Papers},
 venue = {International Conference on Software Engineering},
 year = {2022}
}

@article{ZhaCheFen22,
 author = {Xing Zhang and Jiongyi Chen and Chao Feng and Ruilin Li and Wenrui Diao and Kehuan Zhang and Jing Lei and Chaojing Tang},
 doi = {10.1145/3510003.3512760},
 pages = {635-646},
 title = {Default: Mutual Information-based Crash Triage for Massive Crashes.},
 type = {Conference and Workshop Papers},
 venue = {International Conference on Software Engineering},
 year = {2022}
}

@article{ZhaChePen22,
 author = {Chen Zhang and Bihuan Chen and Xin Peng and Wenyun Zhao},
 doi = {10.1145/3510003.3510132},
 pages = {312-324},
 title = {Buildsheriff: Change-Aware Test Failure Triage for Continuous Integration Builds.},
 type = {Conference and Workshop Papers},
 venue = {International Conference on Software Engineering},
 year = {2022}
}

@article{ZhaHu22,
 author = {Xing Zhang and Zhenjiang Hu},
 doi = {10.1145/3510003.3510195},
 pages = {2154-2164},
 title = {Towards Bidirectional Live Programming for Incomplete Programs.},
 type = {Conference and Workshop Papers},
 venue = {International Conference on Software Engineering},
 year = {2022}
}

@article{ZhaLiLiu22,
 author = {Yanjie Zhao and Li Li and Kui Liu and John C. Grundy},
 doi = {10.1145/3510003.3510128},
 pages = {2142-2153},
 title = {Towards Automatically Repairing Compatibility Issues in Published Android Apps.},
 type = {Conference and Workshop Papers},
 venue = {International Conference on Software Engineering},
 year = {2022}
}

@article{ZhaLiuXia22,
 author = {Neng Zhang and Chao Liu and Xin Xia and Christoph Treude and Ying Zou and David Lo and Zibin Zheng},
 doi = {10.1145/3510003.3510131},
 pages = {1970-1981},
 title = {ShellFusion: Answer Generation for Shell Programming Tasks via Knowledge Fusion.},
 type = {Conference and Workshop Papers},
 venue = {International Conference on Software Engineering},
 year = {2022}
}

@article{ZhaLiWan22,
 author = {Ziqi Zhang and Yuanchun Li and Jindong Wang and Bingyan Liu and Ding Li and Yao Guo and Xiangqun Chen and Yunxin Liu},
 doi = {10.1145/3510003.3510191},
 pages = {1856-1868},
 title = {ReMoS: Reducing Defect Inheritance in Transfer Learning via Relevant Model Slicing.},
 type = {Conference and Workshop Papers},
 venue = {International Conference on Software Engineering},
 year = {2022}
}

@article{ZhaPenSha22,
 author = {Chenxi Zhang and Xin Peng and Chaofeng Sha and Ke Zhang and Zhenqing Fu and Xiya Wu and Qingwei Lin and Dongmei Zhang},
 doi = {10.1145/3510003.3510180},
 pages = {623-634},
 title = {DeepTraLog: Trace-Log Combined Microservice Anomaly Detection through Graph-based Deep Learning.},
 type = {Conference and Workshop Papers},
 venue = {International Conference on Software Engineering},
 year = {2022}
}

@article{ZhaWanChe22,
 author = {Yingquan Zhao and Zan Wang and Junjie Chen and Mengdi Liu and Mingyuan Wu and Yuqun Zhang and Lingming Zhang},
 doi = {10.1145/3510003.3510059},
 pages = {1133-1144},
 title = {History-Driven Test Program Synthesis for JVM Testing.},
 type = {Conference and Workshop Papers},
 venue = {International Conference on Software Engineering},
 year = {2022}
}

@article{ZhaXiaZhu22,
 author = {Kunpeng Zhang and Xi Xiao and Xiaogang Zhu and Ruoxi Sun and Minhui Xue and Sheng Wen},
 doi = {10.1145/3510003.3510063},
 pages = {1658-1668},
 title = {Path Transitions Tell More: Optimizing Fuzzing Schedules via Runtime Program States.},
 type = {Conference and Workshop Papers},
 venue = {International Conference on Software Engineering},
 year = {2022}
}

@article{ZheCheDu22,
 author = {Haibin Zheng and Zhiqing Chen and Tianyu Du and Xuhong Zhang and Yao Cheng and Shouling Ji and Jingyi Wang and Yue Yu and Jinyin Chen},
 doi = {10.1145/3510003.3510123},
 pages = {1519-1531},
 title = {NeuronFair: Interpretable White-Box Fairness Testing through Biased Neuron Identification.},
 type = {Conference and Workshop Papers},
 venue = {International Conference on Software Engineering},
 year = {2022}
}

@article{ZhuZhaQin22,
 author = {Shuofei Zhu and Ziyi Zhang and Boqin Qin and Aiping Xiong and Linhai Song},
 doi = {10.1145/3510003.3510164},
 pages = {1269-1281},
 title = {Learning and Programming Challenges of Rust: A Mixed-Methods Study.},
 type = {Conference and Workshop Papers},
 venue = {International Conference on Software Engineering},
 year = {2022}
}
