@article{AbdBadCos22,
 author = {Ahmad Abdellatif and Khaled Badran and Diego Elias Costa and Emad Shihab},
 doi = {10.1109/tse.2021.3078384},
 number = {8},
 pages = {3087-3102},
 title = {A Comparison of Natural Language Understanding Platforms for Chatbots in Software Engineering.},
 type = {Journal Articles},
 venue = {IEEE Transactions on Software Engineering},
 volume = {48},
 year = {2022}
}

@article{AbiKesAli22,
 author = {Chaima Abid and Marouane Kessentini and Vahid Alizadeh and Mouna Dhaouadi and Rick Kazman},
 doi = {10.1109/tse.2020.3005995},
 number = {3},
 pages = {864-878},
 title = {How Does Refactoring Impact Security When Improving Quality? A Security-Aware Refactoring Approach.},
 type = {Journal Articles},
 venue = {IEEE Transactions on Software Engineering},
 volume = {48},
 year = {2022}
}

@article{AbiRziFer22,
 author = {Chaima Abid and Dhia Elhaq Rzig and Thiago do Nascimento Ferreira and Marouane Kessentini and Tushar Sharma},
 doi = {10.1109/tse.2021.3105037},
 number = {10},
 pages = {3753-3770},
 title = {X-SBR: On the Use of the History of Refactorings for Explainable Search-Based Refactoring and Intelligent Change Operators.},
 type = {Journal Articles},
 venue = {IEEE Transactions on Software Engineering},
 volume = {48},
 year = {2022}
}

@article{AfzGouTim22,
 author = {Afsoon Afzal and Claire Le Goues and Christopher Steven Timperley},
 doi = {10.1109/tse.2021.3120680},
 number = {11},
 pages = {4535-4552},
 title = {Mithra: Anomaly Detection as an Oracle for Cyberphysical Systems.},
 type = {Journal Articles},
 venue = {IEEE Transactions on Software Engineering},
 volume = {48},
 year = {2022}
}

@article{AgrYanAgr22,
 author = {Amritanshu Agrawal and Xueqi Yang and Rishabh Agrawal and Rahul Yedida and Xipeng Shen and Tim Menzies},
 doi = {10.1109/tse.2021.3073242},
 number = {8},
 pages = {2939-2954},
 title = {Simpler Hyperparameter Optimization for Software Analytics: Why, How, When?},
 type = {Journal Articles},
 venue = {IEEE Transactions on Software Engineering},
 volume = {48},
 year = {2022}
}

@article{AhaHasHas22,
 author = {Md. Ahasanuzzaman and Safwat Hassan and Ahmed E. Hassan},
 doi = {10.1109/tse.2020.2983399},
 number = {2},
 pages = {209-224},
 title = {Studying Ad Library Integration Strategies of Top Free-to-Download Apps.},
 type = {Journal Articles},
 venue = {IEEE Transactions on Software Engineering},
 volume = {48},
 year = {2022}
}

@article{AhmDevSaw22,
 author = {Toufique Ahmed and Premkumar T. Devanbu and Anand Ashok Sawant},
 doi = {10.1109/tse.2021.3106572},
 number = {10},
 pages = {3862-3876},
 title = {Learning to Find Usages of Library Functions in Optimized Binaries.},
 type = {Journal Articles},
 venue = {IEEE Transactions on Software Engineering},
 volume = {48},
 year = {2022}
}

@article{AhmNooSha22,
 author = {Aatira Anum Ahmad and Abdul Rafae Noor and Hashim Sharif and Usama Hameed and Shoaib Asif and Mubashir Anwar and Ashish Gehani and Fareed Zaffar and Junaid Haroon Siddiqui},
 doi = {10.1109/tse.2021.3095716},
 number = {9},
 pages = {3485-3505},
 title = {Trimmer: An Automated System for Configuration-Based Software Debloating.},
 type = {Journal Articles},
 venue = {IEEE Transactions on Software Engineering},
 volume = {48},
 year = {2022}
}

@article{AlaParCoh22,
 author = {Adam Alami and Raúl Pardo and Marisa Leavitt Cohn and Andrzej Wasowski},
 doi = {10.1109/tse.2021.3128356},
 number = {12},
 pages = {4838-4856},
 title = {Pull Request Governance in Open Source Communities.},
 type = {Journal Articles},
 venue = {IEEE Transactions on Software Engineering},
 volume = {48},
 year = {2022}
}

@article{AlbBahOzk22,
 author = {Mashel Albarak and Rami Bahsoon and Ipek Ozkaya and Robert L. Nord},
 doi = {10.1109/tse.2020.3001339},
 number = {3},
 pages = {755-772},
 title = {Managing Technical Debt in Database Normalization.},
 type = {Journal Articles},
 venue = {IEEE Transactions on Software Engineering},
 volume = {48},
 year = {2022}
}

@article{AlmKorTah22,
 author = {Nada Almasri and Bogdan Korel and Luay Tahat},
 doi = {10.1109/tse.2021.3106589},
 number = {10},
 pages = {3833-3861},
 title = {Verification Approach for Refactoring Transformation Rules of State-Based Models.},
 type = {Journal Articles},
 venue = {IEEE Transactions on Software Engineering},
 volume = {48},
 year = {2022}
}

@article{AlrPasMeh22,
 author = {Faeq Alrimawi and Liliana Pasquale and Deepak Mehta and Nobukazu Yoshioka and Bashar Nuseibeh},
 doi = {10.1109/tse.2020.2981310},
 number = {2},
 pages = {120-134},
 title = {Incidents are Meant for Learning, Not Repeating: Sharing Knowledge About Security Incidents in Cyber-Physical Systems.},
 type = {Journal Articles},
 venue = {IEEE Transactions on Software Engineering},
 volume = {48},
 year = {2022}
}

@article{AmaAbuTor22,
 author = {Orlando Amaral and Sallam Abualhaija and Damiano Torre and Mehrdad Sabetzadeh and Lionel C. Briand},
 doi = {10.1109/tse.2021.3124332},
 number = {11},
 pages = {4647-4674},
 title = {AI-Enabled Automation for Completeness Checking of Privacy Policies.},
 type = {Journal Articles},
 venue = {IEEE Transactions on Software Engineering},
 volume = {48},
 year = {2022}
}

@article{AniMazDur22,
 author = {Maurício Aniche and Erick Maziero and Rafael S. Durelli and Vinicius H. S. Durelli},
 doi = {10.1109/tse.2020.3021736},
 number = {4},
 pages = {1432-1450},
 title = {The Effectiveness of Supervised Machine Learning Algorithms in Predicting Software Refactoring.},
 type = {Journal Articles},
 venue = {IEEE Transactions on Software Engineering},
 volume = {48},
 year = {2022}
}

@article{AniTreZai22,
 author = {Maurício Aniche and Christoph Treude and Andy Zaidman},
 doi = {10.1109/tse.2021.3129889},
 number = {12},
 pages = {4925-4946},
 title = {How Developers Engineer Test Cases: An Observational Study.},
 type = {Journal Articles},
 venue = {IEEE Transactions on Software Engineering},
 volume = {48},
 year = {2022}
}

@article{AriHadLur22,
 author = {Renana Arizon-Peretz and Irit Hadar and Gil Luria},
 doi = {10.1109/tse.2021.3119721},
 number = {11},
 pages = {4433-4446},
 title = {The Importance of Security Is in the Eye of the Beholder: Cultural, Organizational, and Personal Factors Affecting the Implementation of Security by Design.},
 type = {Journal Articles},
 venue = {IEEE Transactions on Software Engineering},
 volume = {48},
 year = {2022}
}

@article{AsyYanYus22,
 author = {Muhammad Hilmi Asyrofi and Zhou Yang and Imam Nur Bani Yusuf and Hong Jin Kang and Ferdian Thung and David Lo},
 doi = {10.1109/tse.2021.3136169},
 number = {12},
 pages = {5087-5101},
 title = {BiasFinder: Metamorphic Test Generation to Uncover Bias for Sentiment Analysis Systems.},
 type = {Journal Articles},
 venue = {IEEE Transactions on Software Engineering},
 volume = {48},
 year = {2022}
}

@article{AtaMasHem22,
 author = {Foozhan Ataiefard and Mohammad Jafar Mashhadi and Hadi Hemmati and Neil Walkinshaw},
 doi = {10.1109/tse.2021.3128820},
 number = {12},
 pages = {4857-4872},
 title = {Deep State Inference: Toward Behavioral Model Inference of Black-Box Software Systems.},
 type = {Journal Articles},
 venue = {IEEE Transactions on Software Engineering},
 volume = {48},
 year = {2022}
}

@article{AyaTurFra22,
 author = {Claudia P. Ayala and Burak Turhan and Xavier Franch and Natalia Juristo},
 doi = {10.1109/tse.2021.3113558},
 number = {11},
 pages = {4229-4248},
 title = {Use and Misuse of the Term &quot;Experiment&quot; in Mining Software Repositories Research.},
 type = {Journal Articles},
 venue = {IEEE Transactions on Software Engineering},
 volume = {48},
 year = {2022}
}

@article{BagKahBri22,
 author = {Mojtaba Bagherzadeh and Nafiseh Kahani and Lionel C. Briand},
 doi = {10.1109/tse.2021.3070549},
 number = {8},
 pages = {2836-2856},
 title = {Reinforcement Learning for Test Case Prioritization.},
 type = {Journal Articles},
 venue = {IEEE Transactions on Software Engineering},
 volume = {48},
 year = {2022}
}

@article{BagKahJah22,
 author = {Mojtaba Bagherzadeh and Nafiseh Kahani and Karim Jahed and Juergen Dingel},
 doi = {10.1109/tse.2020.3008850},
 number = {3},
 pages = {951-972},
 title = {Execution of Partial State Machine Models.},
 type = {Journal Articles},
 venue = {IEEE Transactions on Software Engineering},
 volume = {48},
 year = {2022}
}

@article{BagSirKha22,
 author = {Maryam Bagheri and Marjan Sirjani and Ehsan Khamespanah and Christel Baier and Ali Movaghar},
 doi = {10.1109/tse.2021.3069192},
 number = {8},
 pages = {2732-2747},
 title = {Magnifier: A Compositional Analysis Approach for Autonomous Traffic Control.},
 type = {Journal Articles},
 venue = {IEEE Transactions on Software Engineering},
 volume = {48},
 year = {2022}
}

@article{BaiCheJia22,
 author = {Jia-Ju Bai and Qiu-Liang Chen and Zu-Ming Jiang and Julia Lawall and Shi-Min Hu},
 doi = {10.1109/tse.2021.3138735},
 number = {12},
 pages = {5120-5135},
 title = {Hybrid Static-Dynamic Analysis of Data Races Caused by Inconsistent Locking Discipline in Device Drivers.},
 type = {Journal Articles},
 venue = {IEEE Transactions on Software Engineering},
 volume = {48},
 year = {2022}
}

@article{BajStoMaz22,
 author = {Mohammad Bajammal and Andrea Stocco and Davood Mazinanian and Ali Mesbah},
 doi = {10.1109/tse.2020.3032986},
 number = {5},
 pages = {1722-1742},
 title = {A Survey on the Use of Computer Vision to Improve Software Engineering Tasks.},
 type = {Journal Articles},
 venue = {IEEE Transactions on Software Engineering},
 volume = {48},
 year = {2022}
}

@article{BalTreRob22,
 author = {Sebastian Baltes and Christoph Treude and Martin P. Robillard},
 doi = {10.1109/tse.2020.2981898},
 number = {2},
 pages = {135-149},
 title = {Contextual Documentation Referencing on Stack Overflow.},
 type = {Journal Articles},
 venue = {IEEE Transactions on Software Engineering},
 volume = {48},
 year = {2022}
}

@article{BarStoFit22,
 author = {Ann Barcomb and Klaas-Jan Stol and Brian Fitzgerald and Dirk Riehle},
 doi = {10.1109/tse.2020.2985093},
 number = {2},
 pages = {260-277},
 title = {Managing Episodic Volunteers in Free/Libre/Open Source Software Communities.},
 type = {Journal Articles},
 venue = {IEEE Transactions on Software Engineering},
 volume = {48},
 year = {2022}
}

@article{BehBavRig22,
 author = {Mohammad Javad Beheshtian and Amir Hossein Bavand and Peter C. Rigby},
 doi = {10.1109/tse.2021.3070269},
 number = {8},
 pages = {2784-2801},
 title = {Software Batch Testing to Save Build Test Resources and to Reduce Feedback Time.},
 type = {Journal Articles},
 venue = {IEEE Transactions on Software Engineering},
 volume = {48},
 year = {2022}
}

@article{BenLiLou22,
 author = {Samuel Benton and Xia Li and Yiling Lou and Lingming Zhang},
 doi = {10.1109/tse.2021.3125203},
 number = {11},
 pages = {4692-4716},
 title = {Evaluating and Improving Unified Debugging.},
 type = {Journal Articles},
 venue = {IEEE Transactions on Software Engineering},
 volume = {48},
 year = {2022}
}

@article{BerDurPar22,
 author = {Beatriz Bernárdez and Amador Durán and José Antonio Parejo and Natalia Juristo and Antonio Ruiz-Cortés},
 doi = {10.1109/tse.2020.2991699},
 number = {2},
 pages = {432-452},
 title = {Effects of Mindfulness on Conceptual Modeling Performance: A Series of Experiments.},
 type = {Journal Articles},
 venue = {IEEE Transactions on Software Engineering},
 volume = {48},
 year = {2022}
}

@article{BhaWanAsa22,
 author = {Aaditya Bhatia and Shaowei Wang and Muhammad Asaduzzaman and Ahmed E. Hassan},
 doi = {10.1109/tse.2020.2994006},
 number = {2},
 pages = {502-518},
 title = {A Study of Bug Management Using the Stack Exchange Question and Answering Platform.},
 type = {Journal Articles},
 venue = {IEEE Transactions on Software Engineering},
 volume = {48},
 year = {2022}
}

@article{BiXiaLo22,
 author = {Tingting Bi and Xin Xia and David Lo and John C. Grundy and Thomas Zimmermann},
 doi = {10.1109/tse.2020.3038881},
 number = {6},
 pages = {1834-1852},
 title = {An Empirical Study of Release Note Production and Usage in Practice.},
 type = {Journal Articles},
 venue = {IEEE Transactions on Software Engineering},
 volume = {48},
 year = {2022}
}

@article{BloJéz22,
 author = {Arnaud Blouin and Jean-Marc Jézéquel},
 doi = {10.1109/tse.2021.3083321},
 number = {9},
 pages = {3206-3226},
 title = {Interacto: A Modern User Interaction Processing Model.},
 type = {Journal Articles},
 venue = {IEEE Transactions on Software Engineering},
 volume = {48},
 year = {2022}
}

@article{CaiFu22,
 author = {Haipeng Cai and Xiaoqin Fu},
 doi = {10.1109/tse.2021.3124795},
 number = {12},
 pages = {4733-4761},
 title = {D$2$2Abs: A Framework for Dynamic Dependence Analysis of Distributed Programs.},
 type = {Journal Articles},
 venue = {IEEE Transactions on Software Engineering},
 volume = {48},
 year = {2022}
}

@article{CarGerSan22,
 author = {Laura Carnevali and Reinhard German and Francesco Santoni and Enrico Vicario},
 doi = {10.1109/tse.2021.3125720},
 number = {12},
 pages = {4762-4788},
 title = {Compositional Analysis of Hierarchical UML Statecharts.},
 type = {Journal Articles},
 venue = {IEEE Transactions on Software Engineering},
 volume = {48},
 year = {2022}
}

@article{ChaDinAll22,
 author = {Saikat Chakraborty and Yangruibo Ding and Miltiadis Allamanis and Baishakhi Ray},
 doi = {10.1109/tse.2020.3020502},
 number = {4},
 pages = {1385-1399},
 title = {CODIT: Code Editing With Tree-Based Neural Models.},
 type = {Journal Articles},
 venue = {IEEE Transactions on Software Engineering},
 volume = {48},
 year = {2022}
}

@article{ChaHonBak22,
 author = {Sooyoung Cha and Seongjoon Hong and Jiseong Bak and Jingyoung Kim and Junhee Lee and Hakjoo Oh},
 doi = {10.1109/tse.2021.3101870},
 number = {9},
 pages = {3640-3663},
 title = {Enhancing Dynamic Symbolic Execution by Automatically Learning Search Heuristics.},
 type = {Journal Articles},
 venue = {IEEE Transactions on Software Engineering},
 volume = {48},
 year = {2022}
}

@article{ChaKriDin22,
 author = {Saikat Chakraborty and Rahul Krishna and Yangruibo Ding and Baishakhi Ray},
 doi = {10.1109/tse.2021.3087402},
 number = {9},
 pages = {3280-3296},
 title = {Deep Learning Based Vulnerability Detection: Are We There Yet?},
 type = {Journal Articles},
 venue = {IEEE Transactions on Software Engineering},
 volume = {48},
 year = {2022}
}

@article{CheCheFan22,
 author = {Sen Chen and Chunyang Chen and Lingling Fan and Mingming Fan and Xian Zhan and Yang Liu},
 doi = {10.1109/tse.2021.3108162},
 number = {10},
 pages = {3954-3968},
 title = {Accessible or Not? An Empirical Investigation of Android App Accessibility.},
 type = {Journal Articles},
 venue = {IEEE Transactions on Software Engineering},
 volume = {48},
 year = {2022}
}

@article{CheCheWan22,
 author = {An Ran Chen and Tse-Hsun Chen and Shaowei Wang},
 doi = {10.1109/tse.2021.3071473},
 number = {8},
 pages = {2905-2919},
 title = {Pathidea: Improving Information Retrieval-Based Bug Localization by Re-Constructing Execution Paths Using Logs.},
 type = {Journal Articles},
 venue = {IEEE Transactions on Software Engineering},
 volume = {48},
 year = {2022}
}

@article{CheLiLuo22,
 author = {Ting Chen and Zihao Li and Xiapu Luo and Xiaofeng Wang and Ting Wang and Zheyuan He and Kezhao Fang and Yufei Zhang and Hang Zhu and Hongwei Li and Yan Cheng and Xiaosong Zhang},
 doi = {10.1109/tse.2021.3078342},
 number = {8},
 pages = {3066-3086},
 title = {SigRec: Automatic Recovery of Function Signatures in Smart Contracts.},
 type = {Journal Articles},
 venue = {IEEE Transactions on Software Engineering},
 volume = {48},
 year = {2022}
}

@article{ChePenXin22,
 author = {Chi Chen and Xin Peng and Zhenchang Xing and Jun Sun and Xin Wang and Yifan Zhao and Wenyun Zhao},
 doi = {10.1109/tse.2021.3074309},
 number = {8},
 pages = {2987-3009},
 title = {Holistic Combination of Structural and Textual Code Information for Context Based API Recommendation.},
 type = {Journal Articles},
 venue = {IEEE Transactions on Software Engineering},
 volume = {48},
 year = {2022}
}

@article{CheShaShi22,
 author = {Jinfu Chen and Weiyi Shang and Emad Shihab},
 doi = {10.1109/tse.2020.3023955},
 number = {5},
 pages = {1529-1544},
 title = {PerfJIT: Test-Level Just-in-Time Prediction for Performance Regression Introducing Commits.},
 type = {Journal Articles},
 venue = {IEEE Transactions on Software Engineering},
 volume = {48},
 year = {2022}
}

@article{CheXiaLo22,
 author = {Jiachi Chen and Xin Xia and David Lo and John C. Grundy and Xiapu Luo and Ting Chen},
 doi = {10.1109/tse.2020.2989002},
 number = {2},
 pages = {327-345},
 title = {Defining Smart Contract Defects on Ethereum.},
 type = {Journal Articles},
 venue = {IEEE Transactions on Software Engineering},
 volume = {48},
 year = {2022}
}

@article{CheXiaLo22a,
 author = {Jiachi Chen and Xin Xia and David Lo and John Grundy and Xiapu Luo and Ting Chen},
 doi = {10.1109/tse.2021.3054928},
 number = {7},
 pages = {2189-2207},
 title = {DefectChecker: Automated Smart Contract Defect Detection by Analyzing EVM Bytecode.},
 type = {Journal Articles},
 venue = {IEEE Transactions on Software Engineering},
 volume = {48},
 year = {2022}
}

@article{ChoAbdShi22,
 author = {Md Atique Reza Chowdhury and Rabe Abdalkareem and Emad Shihab and Bram Adams},
 doi = {10.1109/tse.2021.3068901},
 number = {8},
 pages = {2695-2708},
 title = {On the Untriviality of Trivial Packages: An Empirical Study of npm JavaScript Packages.},
 type = {Journal Articles},
 venue = {IEEE Transactions on Software Engineering},
 volume = {48},
 year = {2022}
}

@article{CinCooPas22,
 author = {Matteo Ciniselli and Nathan Cooper and Luca Pascarella and Antonio Mastropaolo and Emad Aghajani and Denys Poshyvanyk and Massimiliano Di Penta and Gabriele Bavota},
 doi = {10.1109/tse.2021.3128234},
 number = {12},
 pages = {4818-4837},
 title = {An Empirical Study on the Usage of Transformer Models for Code Completion.},
 type = {Journal Articles},
 venue = {IEEE Transactions on Software Engineering},
 volume = {48},
 year = {2022}
}

@article{CorPasBri22,
 author = {Oscar Cornejo and Fabrizio Pastore and Lionel C. Briand},
 doi = {10.1109/tse.2021.3107680},
 number = {10},
 pages = {3913-3939},
 title = {Mutation Analysis for Cyber-Physical Systems: Scalable Solutions and Results in the Space Domain.},
 type = {Journal Articles},
 venue = {IEEE Transactions on Software Engineering},
 volume = {48},
 year = {2022}
}

@article{CosMujAbd22,
 author = {Diego Elias Costa and Suhaib Mujahid and Rabe Abdalkareem and Emad Shihab},
 doi = {10.1109/tse.2021.3057720},
 number = {7},
 pages = {2277-2294},
 title = {Breaking Type Safety in Go: An Empirical Study on the Usage of the unsafe Package.},
 type = {Journal Articles},
 venue = {IEEE Transactions on Software Engineering},
 volume = {48},
 year = {2022}
}

@article{CuaBurWim22,
 author = {Jesús Sánchez Cuadrado and Loli Burgueño and Manuel Wimmer and Antonio Vallecillo},
 doi = {10.1109/tse.2020.3011388},
 number = {4},
 pages = {1097-1114},
 title = {Efficient Execution of ATL Model Transformations Using Static Analysis and Parallelism.},
 type = {Journal Articles},
 venue = {IEEE Transactions on Software Engineering},
 volume = {48},
 year = {2022}
}

@article{CumVasGru22,
 author = {Alex Cummaudo and Rajesh Vasa and John C. Grundy and Mohamed Abdelrazek},
 doi = {10.1109/tse.2020.3047088},
 number = {6},
 pages = {2010-2027},
 title = {Requirements of API Documentation: A Case Study into Computer Vision Services.},
 type = {Journal Articles},
 venue = {IEEE Transactions on Software Engineering},
 volume = {48},
 year = {2022}
}

@article{CôgOliHas22,
 author = {Filipe Roseiro Côgo and Gustavo Ansaldi Oliva and Ahmed E. Hassan},
 doi = {10.1109/tse.2021.3055123},
 number = {7},
 pages = {2208-2223},
 title = {Deprecation of Packages and Releases in Software Ecosystems: A Case Study on NPM.},
 type = {Journal Articles},
 venue = {IEEE Transactions on Software Engineering},
 volume = {48},
 year = {2022}
}

@article{DaiLiChe22,
 author = {Hetong Dai and Heng Li and Che-Shao Chen and Weiyi Shang and Tse-Hsun Chen},
 doi = {10.1109/tse.2020.3007554},
 number = {3},
 pages = {879-892},
 title = {Logram: Efficient Log Parsing Using $n$n-Gram Dictionaries.},
 type = {Journal Articles},
 venue = {IEEE Transactions on Software Engineering},
 volume = {48},
 year = {2022}
}

@article{DanGonYao22,
 author = {Xiangying Dang and Dunwei Gong and Xiangjuan Yao and Tian Tian and Huai Liu},
 doi = {10.1109/tse.2021.3052987},
 number = {6},
 pages = {2141-2156},
 title = {Enhancement of Mutation Testing via Fuzzy Clustering and Multi-Population Genetic Algorithm.},
 type = {Journal Articles},
 venue = {IEEE Transactions on Software Engineering},
 volume = {48},
 year = {2022}
}

@article{DanPlaHer22,
 author = {Andreas Dann and Henrik Plate and Ben Hermann and Serena Elisa Ponta and Eric Bodden},
 doi = {10.1109/tse.2021.3101739},
 number = {9},
 pages = {3613-3625},
 title = {Identifying Challenges for OSS Vulnerability Scanners - A Study &amp; Test Suite.},
 type = {Journal Articles},
 venue = {IEEE Transactions on Software Engineering},
 volume = {48},
 year = {2022}
}

@article{DecMenZer22,
 author = {Alexandre Decan and Tom Mens and Ahmed Zerouali and Coen De Roover},
 doi = {10.1109/tse.2021.3112204},
 number = {10},
 pages = {4087-4099},
 title = {Back to the Past - Analysing Backporting Practices in Package Dependency Networks.},
 type = {Journal Articles},
 venue = {IEEE Transactions on Software Engineering},
 volume = {48},
 year = {2022}
}

@article{DigChaAmp22,
 author = {George Digkas and Alexander Chatzigeorgiou and Apostolos Ampatzoglou and Paris Avgeriou},
 doi = {10.1109/tse.2020.3032557},
 number = {5},
 pages = {1705-1721},
 title = {Can Clean New Code Reduce Technical Debt Density?},
 type = {Journal Articles},
 venue = {IEEE Transactions on Software Engineering},
 volume = {48},
 year = {2022}
}

@article{DoBod22,
 author = {Lisa Nguyen Quang Do and Eric Bodden},
 doi = {10.1109/tse.2020.2999534},
 number = {2},
 pages = {678-690},
 title = {Explaining Static Analysis With Rule Graphs.},
 type = {Journal Articles},
 venue = {IEEE Transactions on Software Engineering},
 volume = {48},
 year = {2022}
}

@article{DoWriAli22,
 author = {Lisa Nguyen Quang Do and James R. Wright and Karim Ali},
 doi = {10.1109/tse.2020.3004525},
 number = {3},
 pages = {835-847},
 title = {Why Do Software Developers Use Static Analysis Tools? A User-Centered Study of Developer Needs and Motivations.},
 type = {Journal Articles},
 venue = {IEEE Transactions on Software Engineering},
 volume = {48},
 year = {2022}
}

@article{EbeBanMcM22,
 author = {Zachary Eberhart and Aakash Bansal and Collin McMillan},
 doi = {10.1109/tse.2020.3040935},
 number = {6},
 pages = {1883-1904},
 title = {A Wizard of Oz Study Simulating API Usage Dialogues With a Virtual Assistant.},
 type = {Journal Articles},
 venue = {IEEE Transactions on Software Engineering},
 volume = {48},
 year = {2022}
}

@article{Ebnenasir22,
 author = {Ali Ebnenasir},
 doi = {10.1109/tse.2021.3119771},
 number = {11},
 pages = {4447-4464},
 title = {Verification and Synthesis of Responsive Symmetric Uni-Rings.},
 type = {Journal Articles},
 venue = {IEEE Transactions on Software Engineering},
 volume = {48},
 year = {2022}
}

@article{EdiWanCon22,
 author = {Henry Edison and Xiaofeng Wang and Kieran Conboy},
 doi = {10.1109/tse.2021.3069039},
 number = {8},
 pages = {2709-2731},
 title = {Comparing Methods for Large-Scale Agile Software Development: A Systematic Literature Review.},
 type = {Journal Articles},
 venue = {IEEE Transactions on Software Engineering},
 volume = {48},
 year = {2022}
}

@article{EisSchEyk22,
 author = {Simon Eismann and Joel Scheuner and Erwin Van Eyk and Maximilian Schwinger and Johannes Grohmann and Nikolas Herbst and Cristina L. Abad and Alexandru Iosup},
 doi = {10.1109/tse.2021.3113940},
 number = {10},
 pages = {4152-4166},
 title = {The State of Serverless Applications: Collection, Characterization, and Community Consensus.},
 type = {Journal Articles},
 venue = {IEEE Transactions on Software Engineering},
 volume = {48},
 year = {2022}
}

@article{ElAttar22,
 author = {Mohamed El-Attar},
 doi = {10.1109/tse.2021.3060344},
 number = {7},
 pages = {2455-2475},
 title = {Empirically Evaluating the Effect of the Physics of Notations on Model Construction.},
 type = {Journal Articles},
 venue = {IEEE Transactions on Software Engineering},
 volume = {48},
 year = {2022}
}

@article{ElaWerLi22,
 author = {Omar Elazhary and Colin M. Werner and Ze Shi Li and Derek Lowlind and Neil A. Ernst and Margaret-Anne D. Storey},
 doi = {10.1109/tse.2021.3064953},
 number = {7},
 pages = {2570-2583},
 title = {Uncovering the Benefits and Challenges of Continuous Integration Practices.},
 type = {Journal Articles},
 venue = {IEEE Transactions on Software Engineering},
 volume = {48},
 year = {2022}
}

@article{EscLinBav22,
 author = {Camilo Escobar-Velásquez and Mario Linares-Vásquez and Gabriele Bavota and Michele Tufano and Kevin Moran and Massimiliano Di Penta and Christopher Vendome and Carlos Bernal-Cárdenas and Denys Poshyvanyk},
 doi = {10.1109/tse.2020.2982638},
 number = {2},
 pages = {186-208},
 title = {Enabling Mutant Generation for Open- and Closed-Source Android Apps.},
 type = {Journal Articles},
 venue = {IEEE Transactions on Software Engineering},
 volume = {48},
 year = {2022}
}

@article{FahAhmBeh22,
 author = {Mahdi Fahmideh and Aakash Ahmad and Ali Behnaz and John Grundy and Willy Susilo},
 doi = {10.1109/tse.2021.3070692},
 number = {8},
 pages = {2857-2878},
 title = {Software Engineering for Internet of Things: The Practitioners&apos; Perspective.},
 type = {Journal Articles},
 venue = {IEEE Transactions on Software Engineering},
 volume = {48},
 year = {2022}
}

@article{FeiMizNoy22,
 author = {Dror G. Feitelson and Ayelet Mizrahi and Nofar Noy and Aviad Ben Shabat and Or Eliyahu and Roy Sheffer},
 doi = {10.1109/tse.2020.2976920},
 number = {2},
 pages = {37-52},
 title = {How Developers Choose Names.},
 type = {Journal Articles},
 venue = {IEEE Transactions on Software Engineering},
 volume = {48},
 year = {2022}
}

@article{FejNarPrz22,
 author = {Mikolaj Fejzer and Jakub Narebski and Piotr Przymus and Krzysztof Stencel},
 doi = {10.1109/tse.2021.3064447},
 number = {7},
 pages = {2557-2569},
 title = {Tracking Buggy Files: New Efficient Adaptive Bug Localization Algorithm.},
 type = {Journal Articles},
 venue = {IEEE Transactions on Software Engineering},
 volume = {48},
 year = {2022}
}

@article{FerMazBas22,
 author = {Alessio Ferrari and Franco Mazzanti and Davide Basile and Maurice H. ter Beek},
 doi = {10.1109/tse.2021.3124677},
 number = {11},
 pages = {4675-4691},
 title = {Systematic Evaluation and Usability Analysis of Formal Methods Tools for Railway Signaling System Design.},
 type = {Journal Articles},
 venue = {IEEE Transactions on Software Engineering},
 volume = {48},
 year = {2022}
}

@article{FraGliMén22,
 author = {Xavier Franch and Martin Glinz and Daniel Méndez and Norbert Seyff},
 doi = {10.1109/tse.2021.3087792},
 number = {9},
 pages = {3310-3325},
 title = {A Study About the Knowledge and Use of Requirements Engineering Standards in Industry.},
 type = {Journal Articles},
 venue = {IEEE Transactions on Software Engineering},
 volume = {48},
 year = {2022}
}

@article{FraMénVog22,
 author = {Xavier Franch and Daniel Méndez and Andreas Vogelsang and Rogardt Heldal and Eric Knauss and Marc Oriol and Guilherme H. Travassos and Jeffrey C. Carver and Thomas Zimmermann},
 doi = {10.1109/tse.2020.3042747},
 number = {6},
 pages = {1947-1964},
 title = {How do Practitioners Perceive the Relevance of Requirements Engineering Research?},
 type = {Journal Articles},
 venue = {IEEE Transactions on Software Engineering},
 volume = {48},
 year = {2022}
}

@article{GaaMenNej22,
 author = {Khouloud Gaaloul and Claudio Menghi and Shiva Nejati and Lionel C. Briand and Yago Isasi Parache},
 doi = {10.1109/tse.2021.3101818},
 number = {9},
 pages = {3664-3685},
 title = {Combining Genetic Programming and Model Checking to Generate Environment Assumptions.},
 type = {Journal Articles},
 venue = {IEEE Transactions on Software Engineering},
 volume = {48},
 year = {2022}
}

@article{GalEwaJun22,
 author = {Keheliya Gallaba and John Ewart and Yves Junqueira and Shane McIntosh},
 doi = {10.1109/tse.2020.3048335},
 number = {6},
 pages = {2040-2052},
 title = {Accelerating Continuous Integration by Caching Environments and Inferring Dependencies.},
 type = {Journal Articles},
 venue = {IEEE Transactions on Software Engineering},
 volume = {48},
 year = {2022}
}

@article{GaoXieSun22,
 author = {Pengfei Gao and Hongyi Xie and Pu Sun and Jun Zhang and Fu Song and Taolue Chen},
 doi = {10.1109/tse.2020.3008852},
 number = {3},
 pages = {973-1000},
 title = {Formal Verification of Masking Countermeasures for Arithmetic Programs.},
 type = {Journal Articles},
 venue = {IEEE Transactions on Software Engineering},
 volume = {48},
 year = {2022}
}

@article{GaoZenWen22,
 author = {Cuiyun Gao and Jichuan Zeng and Zhiyuan Wen and David Lo and Xin Xia and Irwin King and Michael R. Lyu},
 doi = {10.1109/tse.2021.3076179},
 number = {8},
 pages = {3025-3043},
 title = {Emerging App Issue Identification via Online Joint Sentiment-Topic Tracing.},
 type = {Journal Articles},
 venue = {IEEE Transactions on Software Engineering},
 volume = {48},
 year = {2022}
}

@article{GarKouGho22,
 author = {Joshua Garcia and Ehsan Kouroshfar and Negar Ghorbani and Sam Malek},
 doi = {10.1109/tse.2021.3060068},
 number = {7},
 pages = {2439-2454},
 title = {Forecasting Architectural Decay From Evolutionary History.},
 type = {Journal Articles},
 venue = {IEEE Transactions on Software Engineering},
 volume = {48},
 year = {2022}
}

@article{GerBorDwy22,
 author = {Mitchell J. Gerrard and Mateus Borges and Matthew B. Dwyer and Antonio Filieri},
 doi = {10.1109/tse.2020.3016778},
 number = {4},
 pages = {1212-1227},
 title = {Conditional Quantitative Program Analysis.},
 type = {Journal Articles},
 venue = {IEEE Transactions on Software Engineering},
 volume = {48},
 year = {2022}
}

@article{GirLanNov22,
 author = {Daniela Girardi and Filippo Lanubile and Nicole Novielli and Alexander Serebrenik},
 doi = {10.1109/tse.2021.3087906},
 number = {9},
 pages = {3326-3341},
 title = {Emotions and Perceived Productivity of Software Developers at the Workplace.},
 type = {Journal Articles},
 venue = {IEEE Transactions on Software Engineering},
 volume = {48},
 year = {2022}
}

@article{GonRajHas22,
 author = {Lina Gong and Gopi Krishnan Rajbahadur and Ahmed E. Hassan and Shujuan Jiang},
 doi = {10.1109/tse.2021.3131950},
 number = {12},
 pages = {5030-5049},
 title = {Revisiting the Impact of Dependency Network Metrics on Software Defect Prediction.},
 type = {Journal Articles},
 venue = {IEEE Transactions on Software Engineering},
 volume = {48},
 year = {2022}
}

@article{GorMölWie22,
 author = {Peter Leo Gorski and Sebastian Möller and Stephan Wiefling and Luigi Lo Iacono},
 doi = {10.1109/tse.2021.3094171},
 number = {9},
 pages = {3467-3484},
 title = {&quot;I just looked for the solution!&quot;On Integrating Security-Relevant Information in Non-Security API Documentation to Support Secure Coding Practices.},
 type = {Journal Articles},
 venue = {IEEE Transactions on Software Engineering},
 volume = {48},
 year = {2022}
}

@article{GueLarChe22,
 author = {Esther Guerra and Juan de Lara and Marsha Chechik and Rick Salay},
 doi = {10.1109/tse.2020.2989506},
 number = {2},
 pages = {397-416},
 title = {Property Satisfiability Analysis for Product Lines of Modelling Languages.},
 type = {Journal Articles},
 venue = {IEEE Transactions on Software Engineering},
 volume = {48},
 year = {2022}
}

@article{GuiSarKri22,
 author = {Giovani Guizzo and Federica Sarro and Jens Krinke and Silvia R. Vergilio},
 doi = {10.1109/tse.2020.3002496},
 number = {3},
 pages = {803-818},
 title = {Sentinel: A Hyper-Heuristic for the Generation of Mutant Reduction Strategies.},
 type = {Journal Articles},
 venue = {IEEE Transactions on Software Engineering},
 volume = {48},
 year = {2022}
}

@article{GuiSonXio22,
 author = {Binfa Gui and Wei Song and Hailong Xiong and Jeff Huang},
 doi = {10.1109/tse.2021.3121994},
 number = {11},
 pages = {4569-4589},
 title = {Automated Use-After-Free Detection and Exploit Mitigation: How Far Have We Gone?},
 type = {Journal Articles},
 venue = {IEEE Transactions on Software Engineering},
 volume = {48},
 year = {2022}
}

@article{GuoZhaZha22,
 author = {Jianmin Guo and Quan Zhang and Yue Zhao and Heyuan Shi and Yu Jiang and Jia-Guang Sun},
 doi = {10.1109/tse.2021.3114353},
 number = {10},
 pages = {4167-4180},
 title = {RNN-Test: Towards Adversarial Testing for Recurrent Neural Network Systems.},
 type = {Journal Articles},
 venue = {IEEE Transactions on Software Engineering},
 volume = {48},
 year = {2022}
}

@article{HeLiChe22,
 author = {Qiang He and Bo Li and Feifei Chen and John C. Grundy and Xin Xia and Yun Yang},
 doi = {10.1109/tse.2020.2982154},
 number = {2},
 pages = {150-165},
 title = {Diversified Third-Party Library Prediction for Mobile App Development.},
 type = {Journal Articles},
 venue = {IEEE Transactions on Software Engineering},
 volume = {48},
 year = {2022}
}

@article{HeMenChe22,
 author = {Yingzhe He and Guozhu Meng and Kai Chen and Xingbo Hu and Jinwen He},
 doi = {10.1109/tse.2020.3034721},
 number = {5},
 pages = {1743-1770},
 title = {Towards Security Threats of Deep Learning Systems: A Survey.},
 type = {Journal Articles},
 venue = {IEEE Transactions on Software Engineering},
 volume = {48},
 year = {2022}
}

@article{HeYuCai22,
 author = {Fei He and Qianshan Yu and Liming Cai},
 doi = {10.1109/tse.2020.3021477},
 number = {4},
 pages = {1417-1431},
 title = {Efficient Summary Reuse for Software Regression Verification.},
 type = {Journal Articles},
 venue = {IEEE Transactions on Software Engineering},
 volume = {48},
 year = {2022}
}

@article{HidGruHod22,
 author = {Dulaji Hidellaarachchi and John C. Grundy and Rashina Hoda and Kashumi Madampe},
 doi = {10.1109/tse.2021.3051898},
 number = {6},
 pages = {2105-2127},
 title = {The Effects of Human Aspects on the Requirements Engineering Process: A Systematic Literature Review.},
 type = {Journal Articles},
 venue = {IEEE Transactions on Software Engineering},
 volume = {48},
 year = {2022}
}

@article{HirMcIIha22,
 author = {Toshiki Hirao and Shane McIntosh and Akinori Ihara and Kenichi Matsumoto},
 doi = {10.1109/tse.2020.2977907},
 number = {2},
 pages = {69-81},
 title = {Code Reviews With Divergent Review Scores: An Empirical Study of the OpenStack and Qt Communities.},
 type = {Journal Articles},
 venue = {IEEE Transactions on Software Engineering},
 volume = {48},
 year = {2022}
}

@article{HocLucPop22,
 author = {Ralph Hoch and Christoph Luckeneder and Roman Popp and Hermann Kaindl},
 doi = {10.1109/tse.2021.3110191},
 number = {10},
 pages = {4041-4059},
 title = {Verification of Consistency Between Process Models, Object Life Cycles, and Context-Dependent Semantic Specifications.},
 type = {Journal Articles},
 venue = {IEEE Transactions on Software Engineering},
 volume = {48},
 year = {2022}
}

@article{Hoda22,
 author = {Rashina Hoda},
 doi = {10.1109/tse.2021.3106280},
 number = {10},
 pages = {3808-3832},
 title = {Socio-Technical Grounded Theory for Software Engineering.},
 type = {Journal Articles},
 venue = {IEEE Transactions on Software Engineering},
 volume = {48},
 year = {2022}
}

@article{HorKecSar22,
 author = {Max Hort and Maria Kechagia and Federica Sarro and Mark Harman},
 doi = {10.1109/tse.2021.3071193},
 number = {8},
 pages = {2879-2904},
 title = {A Survey of Performance Optimization for Mobile Applications.},
 type = {Journal Articles},
 venue = {IEEE Transactions on Software Engineering},
 volume = {48},
 year = {2022}
}

@article{HuaJiaChe22,
 author = {Yuan Huang and Nan Jia and Xiangping Chen and Kai Hong and Zibin Zheng},
 doi = {10.1109/tse.2020.3021902},
 number = {5},
 pages = {1463-1479},
 title = {Code Review Knowledge Perception: Fusing Multi-Features for Salient-Class Location.},
 type = {Journal Articles},
 venue = {IEEE Transactions on Software Engineering},
 volume = {48},
 year = {2022}
}

@article{HuaJiaLuo22,
 author = {Yuan Huang and Jinyu Jiang and Xiapu Luo and Xiangping Chen and Zibin Zheng and Nan Jia and Gang Huang},
 doi = {10.1109/tse.2021.3059481},
 number = {7},
 pages = {2376-2398},
 title = {Change-Patterns Mapping: A Boosting Way for Change Impact Analysis.},
 type = {Journal Articles},
 venue = {IEEE Transactions on Software Engineering},
 volume = {48},
 year = {2022}
}

@article{HusPerWhi22,
 author = {Waqar Hussain and Harsha Perera and Jon Whittle and Arif Nurwidyantoro and Rashina Hoda and Rifat Ara Shams and Gillian Oliver},
 doi = {10.1109/tse.2020.3038802},
 number = {5},
 pages = {1818-1833},
 title = {Human Values in Software Engineering: Contrasting Case Studies of Practice.},
 type = {Journal Articles},
 venue = {IEEE Transactions on Software Engineering},
 volume = {48},
 year = {2022}
}

@article{HusShaHod22,
 author = {Waqar Hussain and Mojtaba Shahin and Rashina Hoda and Jon Whittle and Harsha Perera and Arif Nurwidyantoro and Rifat Ara Shams and Gillian C. Oliver},
 doi = {10.1109/tse.2022.3140230},
 number = {12},
 pages = {5158-5175},
 title = {How Can Human Values be Addressed in Agile Methods? A Case Study on SAFe.},
 type = {Journal Articles},
 venue = {IEEE Transactions on Software Engineering},
 volume = {48},
 year = {2022}
}

@article{JafCosAbd22,
 author = {Abbas Javan Jafari and Diego Elias Costa and Rabe Abdalkareem and Emad Shihab and Nikolaos Tsantalis},
 doi = {10.1109/tse.2021.3106247},
 number = {10},
 pages = {3790-3807},
 title = {Dependency Smells in JavaScript Projects.},
 type = {Journal Articles},
 venue = {IEEE Transactions on Software Engineering},
 volume = {48},
 year = {2022}
}

@article{JanMäd22,
 author = {Mario Janke and Patrick Mäder},
 doi = {10.1109/tse.2020.3004892},
 number = {3},
 pages = {848-863},
 title = {Graph Based Mining of Code Change Patterns From Version Control Commits.},
 type = {Journal Articles},
 venue = {IEEE Transactions on Software Engineering},
 volume = {48},
 year = {2022}
}

@article{JarBerSmi22,
 author = {Darryl Jarman and Jeffrey Berry and Riley Smith and Ferdian Thung and David Lo},
 doi = {10.1109/tse.2021.3075215},
 number = {8},
 pages = {3010-3024},
 title = {Legion: Massively Composing Rankers for Improved Bug Localization at Adobe.},
 type = {Journal Articles},
 venue = {IEEE Transactions on Software Engineering},
 volume = {48},
 year = {2022}
}

@article{JiaLiuJia22,
 author = {Lin Jiang and Hui Liu and He Jiang and Lu Zhang and Hong Mei},
 doi = {10.1109/tse.2020.3017794},
 number = {4},
 pages = {1249-1267},
 title = {Heuristic and Neural Network Based Prediction of Project-Specific API Member Access.},
 type = {Journal Articles},
 venue = {IEEE Transactions on Software Engineering},
 volume = {48},
 year = {2022}
}

@article{JiaLiuJin22,
 author = {Yanjie Jiang and Hui Liu and Jiahao Jin and Lu Zhang},
 doi = {10.1109/tse.2020.2995736},
 number = {2},
 pages = {519-537},
 title = {Automated Expansion of Abbreviations Based on Semantic Relation and Transfer Expansion.},
 type = {Journal Articles},
 venue = {IEEE Transactions on Software Engineering},
 volume = {48},
 year = {2022}
}

@article{JiaTanDam22,
 author = {Jirayus Jiarpakdee and Chakkrit Kla Tantithamthavorn and Hoa Khanh Dam and John C. Grundy},
 doi = {10.1109/tse.2020.2982385},
 number = {2},
 pages = {166-185},
 title = {An Empirical Study of Model-Agnostic Techniques for Defect Prediction Models.},
 type = {Journal Articles},
 venue = {IEEE Transactions on Software Engineering},
 volume = {48},
 year = {2022}
}

@article{JiaZhoRen22,
 author = {He Jiang and Zhide Zhou and Zhilei Ren and Jingxuan Zhang and Xiaochen Li},
 doi = {10.1109/tse.2021.3058671},
 number = {7},
 pages = {2339-2358},
 title = {CTOS: Compiler Testing for Optimization Sequences of LLVM.},
 type = {Journal Articles},
 venue = {IEEE Transactions on Software Engineering},
 volume = {48},
 year = {2022}
}

@article{JinWanWen22,
 author = {Hai Jin and Zeli Wang and Ming Wen and Weiqi Dai and Yu Zhu and Deqing Zou},
 doi = {10.1109/tse.2021.3123170},
 number = {11},
 pages = {4611-4629},
 title = {Aroc: An Automatic Repair Framework for On-Chain Smart Contracts.},
 type = {Journal Articles},
 venue = {IEEE Transactions on Software Engineering},
 volume = {48},
 year = {2022}
}

@article{JunCamClu22,
 author = {Jose Ricardo da Silva Junior and Daniel Prett Campagna and Esteban Clua and Anita Sarma and Leonardo Murta},
 doi = {10.1109/tse.2020.2988241},
 number = {2},
 pages = {377-396},
 title = {Dominoes: An Interactive Exploratory Data Analysis Tool for Software Relationships.},
 type = {Journal Articles},
 venue = {IEEE Transactions on Software Engineering},
 volume = {48},
 year = {2022}
}

@article{KalRosBar22,
 author = {Mohammad Mehdi Pourhashem Kallehbasti and Matteo Rossi and Luciano Baresi},
 doi = {10.1109/tse.2020.3014394},
 number = {4},
 pages = {1154-1168},
 title = {On How Bit-Vector Logic Can Help Verify LTL-Based Specifications.},
 type = {Journal Articles},
 venue = {IEEE Transactions on Software Engineering},
 volume = {48},
 year = {2022}
}

@article{KanLinSan22,
 author = {Niclas Kannengießer and Sebastian Lins and Christian Sander and Klaus Winter and Hellmuth Frey and Ali Sunyaev},
 doi = {10.1109/tse.2021.3116808},
 number = {11},
 pages = {4291-4318},
 title = {Challenges and Common Solutions in Smart Contract Development.},
 type = {Journal Articles},
 venue = {IEEE Transactions on Software Engineering},
 volume = {48},
 year = {2022}
}

@article{KanLo22,
 author = {Hong Jin Kang and David Lo},
 doi = {10.1109/tse.2021.3069978},
 number = {8},
 pages = {2761-2783},
 title = {Active Learning of Discriminative Subgraph Patterns for API Misuse Detection.},
 type = {Journal Articles},
 venue = {IEEE Transactions on Software Engineering},
 volume = {48},
 year = {2022}
}

@article{KecMecSar22,
 author = {Maria Kechagia and Sergey Mechtaev and Federica Sarro and Mark Harman},
 doi = {10.1109/tse.2021.3067156},
 number = {7},
 pages = {2658-2679},
 title = {Evaluating Automatic Program Repair Capabilities to Repair API Misuses.},
 type = {Journal Articles},
 venue = {IEEE Transactions on Software Engineering},
 volume = {48},
 year = {2022}
}

@article{KeeBraDap22,
 author = {Maureen Keegan and Víctor A. Braberman and Nicolás D&apos;Ippolito and Nir Piterman and Sebastián Uchitel},
 doi = {10.1109/tse.2020.3044532},
 number = {6},
 pages = {1965-1978},
 title = {Control and Discovery of Environment Behaviour.},
 type = {Journal Articles},
 venue = {IEEE Transactions on Software Engineering},
 volume = {48},
 year = {2022}
}

@article{KhaCheVar22,
 author = {Faizan Khan and Boqi Chen and Dániel Varró and Shane McIntosh},
 doi = {10.1109/tse.2021.3082068},
 number = {8},
 pages = {3145-3158},
 title = {An Empirical Study of Type-Related Defects in Python Projects.},
 type = {Journal Articles},
 venue = {IEEE Transactions on Software Engineering},
 volume = {48},
 year = {2022}
}

@article{KitMadSca22,
 author = {Barbara A. Kitchenham and Lech Madeyski and Giuseppe Scanniello and Carmine Gravino},
 doi = {10.1109/tse.2021.3070480},
 number = {8},
 pages = {2802-2813},
 title = {The Importance of the Correlation in Crossover Experiments.},
 type = {Journal Articles},
 venue = {IEEE Transactions on Software Engineering},
 volume = {48},
 year = {2022}
}

@article{KriTanSul22,
 author = {Rahul Krishna and Chong Tang and Kevin J. Sullivan and Baishakhi Ray},
 doi = {10.1109/tse.2020.3007560},
 number = {3},
 pages = {893-909},
 title = {ConEx: Efficient Exploration of Big-Data System Configurations for Better Performance.},
 type = {Journal Articles},
 venue = {IEEE Transactions on Software Engineering},
 volume = {48},
 year = {2022}
}

@article{KuhTelHeb22,
 author = {Marco Kuhrmann and Paolo Tell and Regina Hebig and Jil Klünder and Jürgen Münch and Oliver Linssen and Dietmar Pfahl and Michael Felderer and Christian R. Prause and Stephen G. MacDonell and Joyce Nakatumba-Nabende and David Raffo and Sarah Beecham and Eray Tüzün and Gustavo López and Nicolás Paez and Diego Fontdevila and Sherlock A. Licorish and Steffen Küpper and Günther Ruhe and Eric Knauss and Özden Özcan-Top and Paul M. Clarke and Fergal McCaffery and Marcela Genero and Aurora Vizcaíno and Mario Piattini and Marcos Kalinowski and Tayana Conte and Rafael Prikladnicki and Stephan Krusche and Ahmet Coskunçay and Ezequiel Scott and Fabio Calefato and Svetlana Pimonova and Rolf-Helge Pfeiffer and Ulrik Pagh Schultz and Rogardt Heldal and Masud Fazal-Baqaie and Craig Anslow and Maleknaz Nayebi and Kurt Schneider and Stefan Sauer and Dietmar Winkler and Stefan Biffl and María Cecilia Bastarrica and Ita Richardson},
 doi = {10.1109/tse.2021.3099532},
 number = {9},
 pages = {3523-3539},
 title = {What Makes Agile Software Development Agile?},
 type = {Journal Articles},
 venue = {IEEE Transactions on Software Engineering},
 volume = {48},
 year = {2022}
}

@article{KulGreDeu22,
 author = {Elvan Kula and Eric Greuter and Arie van Deursen and Georgios Gousios},
 doi = {10.1109/tse.2021.3101192},
 number = {9},
 pages = {3573-3592},
 title = {Factors Affecting On-Time Delivery in Large-Scale Agile Software Development.},
 type = {Journal Articles},
 venue = {IEEE Transactions on Software Engineering},
 volume = {48},
 year = {2022}
}

@article{LamLiSha22,
 author = {Maxime Lamothe and Heng Li and Weiyi Shang},
 doi = {10.1109/tse.2021.3093246},
 number = {9},
 pages = {3410-3422},
 title = {Assisting Example-Based API Misuse Detection via Complementary Artificial Examples.},
 type = {Journal Articles},
 venue = {IEEE Transactions on Software Engineering},
 volume = {48},
 year = {2022}
}

@article{LamShaChe22,
 author = {Maxime Lamothe and Weiyi Shang and Tse-Hsun Peter Chen},
 doi = {10.1109/tse.2020.2988396},
 number = {2},
 pages = {417-431},
 title = {A3: Assisting Android API Migrations Using Code Examples.},
 type = {Journal Articles},
 venue = {IEEE Transactions on Software Engineering},
 volume = {48},
 year = {2022}
}

@article{LiaCheLi22,
 author = {Lizhi Liao and Jinfu Chen and Heng Li and Yi Zeng and Weiyi Shang and Catalin Sporea and Andrei Toma and Sarah Sajedi},
 doi = {10.1109/tse.2021.3131529},
 number = {12},
 pages = {4986-5006},
 title = {Locating Performance Regression Root Causes in the Field Operations of Web-Based Systems: An Experience Report.},
 type = {Journal Articles},
 venue = {IEEE Transactions on Software Engineering},
 volume = {48},
 year = {2022}
}

@article{LiCheYan22,
 author = {Zhenhao Li and Tse-Hsun Chen and Jinqiu Yang and Weiyi Shang},
 doi = {10.1109/tse.2021.3060918},
 number = {7},
 pages = {2476-2494},
 title = {Studying Duplicate Logging Statements and Their Relationships With Code Clones.},
 type = {Journal Articles},
 venue = {IEEE Transactions on Software Engineering},
 volume = {48},
 year = {2022}
}

@article{LiCheYao22,
 author = {Miqing Li and Tao Chen and Xin Yao},
 doi = {10.1109/tse.2020.3036108},
 number = {5},
 pages = {1771-1799},
 title = {How to Evaluate Solutions in Pareto-Based Search-Based Software Engineering: A Critical Review and Methodological Guidance.},
 type = {Journal Articles},
 venue = {IEEE Transactions on Software Engineering},
 volume = {48},
 year = {2022}
}

@article{LiDiaLi22,
 author = {Rui Li and Wenrui Diao and Zhou Li and Shishuai Yang and Shuang Li and Shanqing Guo},
 doi = {10.1109/tse.2021.3119980},
 number = {11},
 pages = {4465-4484},
 title = {Android Custom Permissions Demystified: A Comprehensive Security Evaluation.},
 type = {Journal Articles},
 venue = {IEEE Transactions on Software Engineering},
 volume = {48},
 year = {2022}
}

@article{LimVer22,
 author = {Jackson A. Prado Lima and Silvia Regina Vergilio},
 doi = {10.1109/tse.2020.2992428},
 number = {2},
 pages = {453-465},
 title = {A Multi-Armed Bandit Approach for Test Case Prioritization in Continuous Integration Environments.},
 type = {Journal Articles},
 venue = {IEEE Transactions on Software Engineering},
 volume = {48},
 year = {2022}
}

@article{LinAgrMen22,
 author = {Xiao Ling and Rishabh Agrawal and Tim Menzies},
 doi = {10.1109/tse.2021.3063220},
 number = {7},
 pages = {2526-2540},
 title = {How Different is Test Case Prioritization for Open and Closed Source Projects?},
 type = {Journal Articles},
 venue = {IEEE Transactions on Software Engineering},
 volume = {48},
 year = {2022}
}

@article{LinTanHas22,
 author = {Dayi Lin and Chakkrit Tantithamthavorn and Ahmed E. Hassan},
 doi = {10.1109/tse.2021.3073920},
 number = {8},
 pages = {2969-2986},
 title = {The Impact of Data Merging on the Interpretation of Cross-Project Just-In-Time Defect Models.},
 type = {Journal Articles},
 venue = {IEEE Transactions on Software Engineering},
 volume = {48},
 year = {2022}
}

@article{LinWilHal22,
 author = {Dirk van der Linden and Emma J. Williams and Joseph Hallett and Awais Rashid},
 doi = {10.1109/tse.2020.2981317},
 number = {2},
 pages = {364-376},
 title = {The Impact of Surface Features on Choice of (in)Secure Answers by Stackoverflow Readers.},
 type = {Journal Articles},
 venue = {IEEE Transactions on Software Engineering},
 volume = {48},
 year = {2022}
}

@article{LiTurHah22,
 author = {Meilun Li and Andrea Turrini and Ernst Moritz Hahn and Zhikun She and Lijun Zhang},
 doi = {10.1109/tse.2020.3024215},
 number = {5},
 pages = {1545-1559},
 title = {Probabilistic Preference Planning Problem for Markov Decision Processes.},
 type = {Journal Articles},
 venue = {IEEE Transactions on Software Engineering},
 volume = {48},
 year = {2022}
}

@article{LiuFenZha22,
 author = {Di Liu and Yang Feng and Xiaofang Zhang and James A. Jones and Zhenyu Chen},
 doi = {10.1109/tse.2020.3017514},
 number = {4},
 pages = {1290-1308},
 title = {Clustering Crowdsourced Test Reports of Mobile Applications Using Image Understanding.},
 type = {Journal Articles},
 venue = {IEEE Transactions on Software Engineering},
 volume = {48},
 year = {2022}
}

@article{LiuGaoChe22,
 author = {Shangqing Liu and Cuiyun Gao and Sen Chen and Lun Yiu Nie and Yang Liu},
 doi = {10.1109/tse.2020.3038681},
 number = {5},
 pages = {1800-1817},
 title = {ATOM: Commit Message Generation Based on Abstract Syntax Tree and Hybrid Ranking.},
 type = {Journal Articles},
 venue = {IEEE Transactions on Software Engineering},
 volume = {48},
 year = {2022}
}

@article{LiuJiaLi22,
 author = {Dong Liu and He Jiang and Xiaochen Li and Zhilei Ren and Lei Qiao and Zuohua Ding},
 doi = {10.1109/tse.2020.3017336},
 number = {4},
 pages = {1228-1248},
 title = {DPWord2Vec: Better Representation of Design Patterns in Semantics.},
 type = {Journal Articles},
 venue = {IEEE Transactions on Software Engineering},
 volume = {48},
 year = {2022}
}

@article{LiuNak22,
 author = {Shaoying Liu and Shin Nakajima},
 doi = {10.1109/tse.2020.2999884},
 number = {2},
 pages = {691-712},
 title = {Automatic Test Case and Test Oracle Generation Based on Functional Scenarios in Formal Specifications for Conformance Testing.},
 type = {Journal Articles},
 venue = {IEEE Transactions on Software Engineering},
 volume = {48},
 year = {2022}
}

@article{LiuPenMar22,
 author = {Mingwei Liu and Xin Peng and Andrian Marcus and Shuangshuang Xing and Christoph Treude and Chengyuan Zhao},
 doi = {10.1109/tse.2021.3120203},
 number = {11},
 pages = {4485-4500},
 title = {API-Related Developer Information Needs in Stack Overflow.},
 type = {Journal Articles},
 venue = {IEEE Transactions on Software Engineering},
 volume = {48},
 year = {2022}
}

@article{LiuSheZhu22,
 author = {Hui Liu and Mingzhu Shen and Jiaqi Zhu and Nan Niu and Ge Li and Lu Zhang},
 doi = {10.1109/tse.2020.3018481},
 number = {4},
 pages = {1268-1289},
 title = {Deep Learning Based Program Generation From Requirements Text: Are We There Yet?},
 type = {Journal Articles},
 venue = {IEEE Transactions on Software Engineering},
 volume = {48},
 year = {2022}
}

@article{LiuXiaLo22,
 author = {Jiakun Liu and Xin Xia and David Lo and Haoxiang Zhang and Ying Zou and Ahmed E. Hassan and Shanping Li},
 doi = {10.1109/tse.2021.3086494},
 number = {9},
 pages = {3242-3267},
 title = {Broken External Links on Stack Overflow.},
 type = {Journal Articles},
 venue = {IEEE Transactions on Software Engineering},
 volume = {48},
 year = {2022}
}

@article{LiYuWan22,
 author = {Zhixing Li and Yue Yu and Tao Wang and Gang Yin and Shanshan Li and Huaimin Wang},
 doi = {10.1109/tse.2021.3053403},
 number = {6},
 pages = {2173-2188},
 title = {Are You Still Working on This? An Empirical Study on Pull Request Abandonment.},
 type = {Journal Articles},
 venue = {IEEE Transactions on Software Engineering},
 volume = {48},
 year = {2022}
}

@article{LiYuZho22,
 author = {Zhixing Li and Yue Yu and Minghui Zhou and Tao Wang and Gang Yin and Long Lan and Huaimin Wang},
 doi = {10.1109/tse.2020.3018726},
 number = {4},
 pages = {1309-1335},
 title = {Redundancy, Context, and Preference: An Empirical Study of Duplicate Pull Requests in OSS Projects.},
 type = {Journal Articles},
 venue = {IEEE Transactions on Software Engineering},
 volume = {48},
 year = {2022}
}

@article{LiZhaWan22,
 author = {Heng Li and Haoxiang Zhang and Shaowei Wang and Ahmed E. Hassan},
 doi = {10.1109/tse.2021.3129688},
 number = {12},
 pages = {4907-4924},
 title = {Studying the Practices of Logging Exception Stack Traces in Open-Source Software Projects.},
 type = {Journal Articles},
 venue = {IEEE Transactions on Software Engineering},
 volume = {48},
 year = {2022}
}

@article{LiZhoLi22,
 author = {Feng Li and Jianyi Zhou and Yinzhu Li and Dan Hao and Lu Zhang},
 doi = {10.1109/tse.2021.3137929},
 number = {12},
 pages = {5102-5119},
 title = {AGA: An Accelerated Greedy Additional Algorithm for Test Case Prioritization.},
 type = {Journal Articles},
 venue = {IEEE Transactions on Software Engineering},
 volume = {48},
 year = {2022}
}

@article{LocLiChe22,
 author = {Steven Locke and Heng Li and Tse-Hsun Peter Chen and Weiyi Shang and Wei Liu},
 doi = {10.1109/tse.2021.3083715},
 number = {9},
 pages = {3227-3241},
 title = {LogAssist: Assisting Log Analysis Through Log Summarization.},
 type = {Journal Articles},
 venue = {IEEE Transactions on Software Engineering},
 volume = {48},
 year = {2022}
}

@article{LuLiLiu22,
 author = {Jie Lu and Feng Li and Chen Liu and Lian Li and Xiaobing Feng and Jingling Xue},
 doi = {10.1109/tse.2020.2999364},
 number = {2},
 pages = {662-677},
 title = {CloudRaid: Detecting Distributed Concurrency Bugs via Log Mining and Enhancement.},
 type = {Journal Articles},
 venue = {IEEE Transactions on Software Engineering},
 volume = {48},
 year = {2022}
}

@article{LuMaoZho22,
 author = {Yao Lu and Xinjun Mao and Minghui Zhou and Yang Zhang and Zude Li and Tao Wang and Gang Yin and Huaimin Wang},
 doi = {10.1109/tse.2021.3130088},
 number = {12},
 pages = {4947-4963},
 title = {Motivation Under Gamification: An Empirical Study of Developers&apos; Motivations and Contributions in Stack Overflow.},
 type = {Journal Articles},
 venue = {IEEE Transactions on Software Engineering},
 volume = {48},
 year = {2022}
}

@article{LópDíaGar22,
 author = {Daniel López-Fernández and Jessica Díaz and Javier Garcia and Jorge Pérez and Ángel González-Prieto},
 doi = {10.1109/tse.2021.3102982},
 number = {10},
 pages = {3716-3736},
 title = {DevOps Team Structures: Characterization and Implications.},
 type = {Journal Articles},
 venue = {IEEE Transactions on Software Engineering},
 volume = {48},
 year = {2022}
}

@article{MadHodGru22,
 author = {Kashumi Madampe and Rashina Hoda and John C. Grundy},
 doi = {10.1109/tse.2021.3104732},
 number = {10},
 pages = {3737-3752},
 title = {A Faceted Taxonomy of Requirements Changes in Agile Contexts.},
 type = {Journal Articles},
 venue = {IEEE Transactions on Software Engineering},
 volume = {48},
 year = {2022}
}

@article{MaMocZar22,
 author = {Yuxing Ma and Audris Mockus and Russell Zaretzki and Randy V. Bradley and Bogdan C. Bichescu},
 doi = {10.1109/tse.2020.2993758},
 number = {2},
 pages = {485-501},
 title = {A Methodology for Analyzing Uptake of Software Technologies Among Developers.},
 type = {Journal Articles},
 venue = {IEEE Transactions on Software Engineering},
 volume = {48},
 year = {2022}
}

@article{ManMag22,
 author = {Claudio Mandrioli and Martina Maggio},
 doi = {10.1109/tse.2021.3101130},
 number = {9},
 pages = {3554-3572},
 title = {Testing Self-Adaptive Software With Probabilistic Guarantees on Performance Metrics: Extended and Comparative Results.},
 type = {Journal Articles},
 venue = {IEEE Transactions on Software Engineering},
 volume = {48},
 year = {2022}
}

@article{ManMelTro22,
 author = {Toni Mancini and Igor Melatti and Enrico Tronci},
 doi = {10.1109/tse.2021.3109842},
 number = {10},
 pages = {4002-4013},
 title = {Any-Horizon Uniform Random Sampling and Enumeration of Constrained Scenarios for Simulation-Based Formal Verification.},
 type = {Journal Articles},
 venue = {IEEE Transactions on Software Engineering},
 volume = {48},
 year = {2022}
}

@article{MarAchPer22,
 author = {Hugo Martin and Mathieu Acher and Juliana Alves Pereira and Luc Lesoil and Jean-Marc Jézéquel and Djamel Eddine Khelladi},
 doi = {10.1109/tse.2021.3116768},
 number = {11},
 pages = {4274-4290},
 title = {Transfer Learning Across Variants and Versions: The Case of Linux Kernel Size.},
 type = {Journal Articles},
 venue = {IEEE Transactions on Software Engineering},
 volume = {48},
 year = {2022}
}

@article{MarMat22,
 author = {Matias Martinez and Bruno Gois Mateus},
 doi = {10.1109/tse.2021.3120367},
 number = {11},
 pages = {4521-4534},
 title = {Why Did Developers Migrate Android Applications From Java to Kotlin?},
 type = {Journal Articles},
 venue = {IEEE Transactions on Software Engineering},
 volume = {48},
 year = {2022}
}

@article{MarSemVar22,
 author = {Kristóf Marussy and Oszkár Semeráth and Dániel Varró},
 doi = {10.1109/tse.2020.3025732},
 number = {5},
 pages = {1610-1629},
 title = {Automated Generation of Consistent Graph Models With Multiplicity Reasoning.},
 type = {Journal Articles},
 venue = {IEEE Transactions on Software Engineering},
 volume = {48},
 year = {2022}
}

@article{MasHodBli22,
 author = {Zainab Masood and Rashina Hoda and Kelly Blincoe},
 doi = {10.1109/tse.2020.3025317},
 number = {5},
 pages = {1579-1591},
 title = {Real World Scrum A Grounded Theory of Variations in Practice.},
 type = {Journal Articles},
 venue = {IEEE Transactions on Software Engineering},
 volume = {48},
 year = {2022}
}

@article{MasHodBli22a,
 author = {Zainab Masood and Rashina Hoda and Kelly Blincoe},
 doi = {10.1109/tse.2021.3101732},
 number = {9},
 pages = {3626-3639},
 title = {What Drives and Sustains Self-Assignment in Agile Teams.},
 type = {Journal Articles},
 venue = {IEEE Transactions on Software Engineering},
 volume = {48},
 year = {2022}
}

@article{MauJobTam22,
 author = {Wolfgang Mauerer and Mitchell Joblin and Damian A. Tamburri and Carlos V. Paradis and Rick Kazman and Sven Apel},
 doi = {10.1109/tse.2021.3082074},
 number = {8},
 pages = {3159-3184},
 title = {In Search of Socio-Technical Congruence: A Large-Scale Longitudinal Study.},
 type = {Journal Articles},
 venue = {IEEE Transactions on Software Engineering},
 volume = {48},
 year = {2022}
}

@article{MaXuRen22,
 author = {Fuchen Ma and Zhenyang Xu and Meng Ren and Zijing Yin and Yuanliang Chen and Lei Qiao and Bin Gu and Huizhong Li and Yu Jiang and Jia-Guang Sun},
 doi = {10.1109/tse.2021.3117966},
 number = {11},
 pages = {4380-4396},
 title = {Pluto: Exposing Vulnerabilities in Inter-Contract Scenarios.},
 type = {Journal Articles},
 venue = {IEEE Transactions on Software Engineering},
 volume = {48},
 year = {2022}
}

@article{MehAgaGup22,
 author = {Nikita Mehrotra and Navdha Agarwal and Piyush Gupta and Saket Anand and David Lo and Rahul Purandare},
 doi = {10.1109/tse.2021.3105556},
 number = {10},
 pages = {3771-3789},
 title = {Modeling Functional Similarity in Source Code With Graph-Based Siamese Networks.},
 type = {Journal Articles},
 venue = {IEEE Transactions on Software Engineering},
 volume = {48},
 year = {2022}
}

@article{MelEdiWan22,
 author = {Jorge Melegati and Henry Edison and Xiaofeng Wang},
 doi = {10.1109/tse.2020.3042610},
 number = {6},
 pages = {1929-1946},
 title = {XPro: A Model to Explain the Limited Adoption and Implementation of Experimentation in Software Startups.},
 type = {Journal Articles},
 venue = {IEEE Transactions on Software Engineering},
 volume = {48},
 year = {2022}
}

@article{MenBorGor22,
 author = {Héctor D. Menéndez and Michele Boreale and Daniele Gorla and David Clark},
 doi = {10.1109/tse.2020.2987377},
 number = {2},
 pages = {295-308},
 title = {Output Sampling for Output Diversity in Automatic Unit Test Generation.},
 type = {Journal Articles},
 venue = {IEEE Transactions on Software Engineering},
 volume = {48},
 year = {2022}
}

@article{MenCla22,
 author = {Héctor D. Menéndez and David Clark},
 doi = {10.1109/tse.2021.3100858},
 number = {9},
 pages = {3540-3553},
 title = {Hashing Fuzzing: Introducing Input Diversity to Improve Crash Detection.},
 type = {Journal Articles},
 venue = {IEEE Transactions on Software Engineering},
 volume = {48},
 year = {2022}
}

@article{MerJavYil22,
 author = {Hanefi Mercan and Arsalan Javeed and Cemal Yilmaz},
 doi = {10.1109/tse.2020.3010317},
 number = {3},
 pages = {1030-1066},
 title = {Flexible Combinatorial Interaction Testing.},
 type = {Journal Articles},
 venue = {IEEE Transactions on Software Engineering},
 volume = {48},
 year = {2022}
}

@article{MerSan22,
 author = {Francesco Mercaldo and Antonella Santone},
 doi = {10.1109/tse.2021.3067061},
 number = {7},
 pages = {2643-2657},
 title = {Formal Equivalence Checking for Mobile Malware Detection and Family Classification.},
 type = {Journal Articles},
 venue = {IEEE Transactions on Software Engineering},
 volume = {48},
 year = {2022}
}

@article{MeySatZüg22,
 author = {André N. Meyer and Chris Satterfield and Manuela Züger and Katja Kevic and Gail C. Murphy and Thomas Zimmermann and Thomas Fritz},
 doi = {10.1109/tse.2020.2984086},
 number = {2},
 pages = {225-240},
 title = {Detecting Developers&apos; Task Switches and Types.},
 type = {Journal Articles},
 venue = {IEEE Transactions on Software Engineering},
 volume = {48},
 year = {2022}
}

@article{MezCosGer22,
 author = {Mariam El Mezouar and Daniel Alencar da Costa and Daniel M. Germán and Ying Zou},
 doi = {10.1109/tse.2021.3109617},
 number = {10},
 pages = {3988-4001},
 title = {Exploring the Use of Chatrooms by Developers: An Empirical Study on Slack and Gitter.},
 type = {Journal Articles},
 venue = {IEEE Transactions on Software Engineering},
 volume = {48},
 year = {2022}
}

@article{MilZhaHey22,
 author = {Barton P. Miller and Mengxiao Zhang and Elisa R. Heymann},
 doi = {10.1109/tse.2020.3047766},
 number = {6},
 pages = {2028-2039},
 title = {The Relevance of Classic Fuzz Testing: Have We Solved This One?},
 type = {Journal Articles},
 venue = {IEEE Transactions on Software Engineering},
 volume = {48},
 year = {2022}
}

@article{MohRalTur22,
 author = {Rahul Mohanani and Paul Ralph and Burak Turhan and Vladimir Mandic},
 doi = {10.1109/tse.2021.3112503},
 number = {10},
 pages = {4074-4086},
 title = {How Templated Requirements Specifications Inhibit Creativity in Software Engineering.},
 type = {Journal Articles},
 venue = {IEEE Transactions on Software Engineering},
 volume = {48},
 year = {2022}
}

@article{MonNas22,
 author = {Shouvick Mondal and Rupesh Nasre},
 doi = {10.1109/tse.2021.3111169},
 number = {10},
 pages = {4060-4073},
 title = {${{\sf Colosseum}}$Colosseum: Regression Test Prioritization by Delta Displacement in Test Coverage.},
 type = {Journal Articles},
 venue = {IEEE Transactions on Software Engineering},
 volume = {48},
 year = {2022}
}

@article{MotSotBru22,
 author = {Manish Motwani and Mauricio Soto and Yuriy Brun and René Just and Claire Le Goues},
 doi = {10.1109/tse.2020.2998785},
 number = {2},
 pages = {637-661},
 title = {Quality of Automated Program Repair on Real-World Defects.},
 type = {Journal Articles},
 venue = {IEEE Transactions on Software Engineering},
 volume = {48},
 year = {2022}
}

@article{MurDicHod22,
 author = {Emerson R. Murphy-Hill and Jillian Dicker and Margaret Morrow Hodges and Carolyn D. Egelman and Ciera Jaspan and Lan Cheng and Elizabeth Kammer and Ben Holtz and Matthew A. Jorde and Andrea Knight Dolan and Collin Green},
 doi = {10.1109/tse.2021.3061527},
 number = {7},
 pages = {2495-2509},
 title = {Engineering Impacts of Anonymous Author Code Review: A Field Experiment.},
 type = {Journal Articles},
 venue = {IEEE Transactions on Software Engineering},
 volume = {48},
 year = {2022}
}

@article{NadRodNag22,
 author = {Reza Nadri and Gema Rodríguez-Pérez and Meiyappan Nagappan},
 doi = {10.1109/tse.2021.3073773},
 number = {8},
 pages = {2955-2968},
 title = {On the Relationship Between the Developer&apos;s Perceptible Race and Ethnicity and the Evaluation of Contributions in OSS.},
 type = {Journal Articles},
 venue = {IEEE Transactions on Software Engineering},
 volume = {48},
 year = {2022}
}

@article{NagHal22,
 author = {Bhaveet Nagaria and Tracy Hall},
 doi = {10.1109/tse.2020.3040554},
 number = {6},
 pages = {1853-1867},
 title = {How Software Developers Mitigate Their Errors When Developing Code.},
 type = {Journal Articles},
 venue = {IEEE Transactions on Software Engineering},
 volume = {48},
 year = {2022}
}

@article{NasHerSri22,
 author = {Mathieu Nassif and Alexa Hernandez and Ashvitha Sridharan and Martin P. Robillard},
 doi = {10.1109/tse.2021.3087087},
 number = {9},
 pages = {3268-3279},
 title = {Generating Unit Tests for Documentation.},
 type = {Journal Articles},
 venue = {IEEE Transactions on Software Engineering},
 volume = {48},
 year = {2022}
}

@article{NerBarOli22,
 author = {Ana Neri and Rui Soares Barbosa and José N. Oliveira},
 doi = {10.1109/tse.2021.3117515},
 number = {11},
 pages = {4339-4356},
 title = {Compiling Quantamorphisms for the IBM Q Experience.},
 type = {Journal Articles},
 venue = {IEEE Transactions on Software Engineering},
 volume = {48},
 year = {2022}
}

@article{NetManAlm22,
 author = {Paulo Anselmo da Mota Silveira Neto and Umme Ayda Mannan and Eduardo Santana de Almeida and Nachiappan Nagappan and David Lo and Pavneet Singh Kochhar and Cuiyun Gao and Iftekhar Ahmed},
 doi = {10.1109/tse.2021.3088759},
 number = {9},
 pages = {3342-3360},
 title = {A Deep Dive into the Impact of COVID-19 on Software Development.},
 type = {Journal Articles},
 venue = {IEEE Transactions on Software Engineering},
 volume = {48},
 year = {2022}
}

@article{NewDecAls22,
 author = {Christian D. Newman and Michael John Decker and Reem S. Alsuhaibani and Anthony Peruma and Mohamed Wiem Mkaouer and Satyajit Mohapatra and Tejal Vishnoi and Marcos Zampieri and Timothy J. Sheldon and Emily Hill},
 doi = {10.1109/tse.2021.3098242},
 number = {9},
 pages = {3506-3522},
 title = {An Ensemble Approach for Annotating Source Code Identifiers With Part-of-Speech Tags.},
 type = {Journal Articles},
 venue = {IEEE Transactions on Software Engineering},
 volume = {48},
 year = {2022}
}

@article{NguNgoNgu22,
 author = {Thu-Trang Nguyen and Kien-Tuan Ngo and Son Nguyen and Hieu Dinh Vo},
 doi = {10.1109/tse.2021.3113859},
 number = {10},
 pages = {4100-4118},
 title = {A Variability Fault Localization Approach for Software Product Lines.},
 type = {Journal Articles},
 venue = {IEEE Transactions on Software Engineering},
 volume = {48},
 year = {2022}
}

@article{NguNguDwy22,
 author = {ThanhVu Nguyen and KimHao Nguyen and Matthew B. Dwyer},
 doi = {10.1109/tse.2021.3106964},
 number = {10},
 pages = {3877-3899},
 title = {Using Symbolic States to Infer Numerical Invariants.},
 type = {Journal Articles},
 venue = {IEEE Transactions on Software Engineering},
 volume = {48},
 year = {2022}
}

@article{NguRocSip22,
 author = {Phuong T. Nguyen and Juri Di Rocco and Claudio Di Sipio and Davide Di Ruscio and Massimiliano Di Penta},
 doi = {10.1109/tse.2021.3059907},
 number = {7},
 pages = {2417-2438},
 title = {Recommending API Function Calls and Code Snippets to Support Software Development.},
 type = {Journal Articles},
 venue = {IEEE Transactions on Software Engineering},
 volume = {48},
 year = {2022}
}

@article{NiuSunWu22,
 author = {Xintao Niu and Yanjie Sun and Huayao Wu and Gang Li and Changhai Nie and Yu Lei and Xiaoyin Wang},
 doi = {10.1109/tse.2021.3131548},
 number = {12},
 pages = {5007-5029},
 title = {Enhance Combinatorial Testing With Metamorphic Relations.},
 type = {Journal Articles},
 venue = {IEEE Transactions on Software Engineering},
 volume = {48},
 year = {2022}
}

@article{NiuWuNie22,
 author = {Xintao Niu and Huayao Wu and Changhai Nie and Yu Lei and Xiaoyin Wang},
 doi = {10.1109/tse.2021.3113920},
 number = {10},
 pages = {4119-4151},
 title = {A Theory of Pending Schemas in Combinatorial Testing.},
 type = {Journal Articles},
 venue = {IEEE Transactions on Software Engineering},
 volume = {48},
 year = {2022}
}

@article{NiXiaLo22,
 author = {Chao Ni and Xin Xia and David Lo and Xiang Chen and Qing Gu},
 doi = {10.1109/tse.2020.3001739},
 number = {3},
 pages = {786-802},
 title = {Revisiting Supervised and Unsupervised Methods for Effort-Aware Cross-Project Defect Prediction.},
 type = {Journal Articles},
 venue = {IEEE Transactions on Software Engineering},
 volume = {48},
 year = {2022}
}

@article{PadMenFro22,
 author = {Hema Susmita Padala and Christopher J. Mendez and Felipe Fronchetti and Igor Steinmacher and Zoe Steine-Hanson and Claudia Hilderbrand and Amber Horvath and Charles Hill and Logan Simpson and Margaret Burnett and Marco Aurélio Gerosa and Anita Sarma},
 doi = {10.1109/tse.2020.2984173},
 number = {2},
 pages = {241-259},
 title = {How Gender-Biased Tools Shape Newcomer Experiences in OSS Projects.},
 type = {Journal Articles},
 venue = {IEEE Transactions on Software Engineering},
 volume = {48},
 year = {2022}
}

@article{PalNucPal22,
 author = {Stefano Dalla Palma and Dario Di Nucci and Fabio Palomba and Damian A. Tamburri},
 doi = {10.1109/tse.2021.3051492},
 number = {6},
 pages = {2086-2104},
 title = {Within-Project Defect Prediction of Infrastructure-as-Code Using Product and Process Metrics.},
 type = {Journal Articles},
 venue = {IEEE Transactions on Software Engineering},
 volume = {48},
 year = {2022}
}

@article{PanHuaYan22,
 author = {Weifeng Pan and Ming Hua and Zijiang Yang and Tian Wang},
 doi = {10.1109/tse.2022.3140599},
 number = {12},
 pages = {5176-5187},
 title = {Comments on &quot;Using $k$k-Core Decomposition on Class Dependency Networks to Improve Bug Prediction Model&apos;s Practical Performance&quot;.},
 type = {Journal Articles},
 venue = {IEEE Transactions on Software Engineering},
 volume = {48},
 year = {2022}
}

@article{PanPasJur22,
 author = {José Ignacio Panach and Oscar Pastor and Natalia Juristo},
 doi = {10.1109/tse.2021.3127350},
 number = {12},
 pages = {4802-4817},
 title = {A Family of Experiments to Compare Two Model-Driven Development Tools vs a Traditional Development Method.},
 type = {Journal Articles},
 venue = {IEEE Transactions on Software Engineering},
 volume = {48},
 year = {2022}
}

@article{PanXuPei22,
 author = {Minxue Pan and Tongtong Xu and Yu Pei and Zhong Li and Tian Zhang and Xuandong Li},
 doi = {10.1109/tse.2020.3007664},
 number = {3},
 pages = {910-929},
 title = {GUI-Guided Test Script Repair for Mobile Apps.},
 type = {Journal Articles},
 venue = {IEEE Transactions on Software Engineering},
 volume = {48},
 year = {2022}
}

@article{PapGroSub22,
 author = {Bartosz Papis and Konrad Grochowski and Kamil Subzda and Kamil Sijko},
 doi = {10.1109/tse.2020.3027522},
 number = {5},
 pages = {1644-1664},
 title = {Experimental Evaluation of Test-Driven Development With Interns Working on a Real Industrial Project.},
 type = {Journal Articles},
 venue = {IEEE Transactions on Software Engineering},
 volume = {48},
 year = {2022}
}

@article{ParBarMec22,
 author = {Nikhil Parasaram and Earl T. Barr and Sergey Mechtaev},
 doi = {10.1109/tse.2021.3124323},
 number = {12},
 pages = {4717-4732},
 title = {Trident: Controlling Side Effects in Automated Program Repair.},
 type = {Journal Articles},
 venue = {IEEE Transactions on Software Engineering},
 volume = {48},
 year = {2022}
}

@article{PasMicGuz22,
 author = {Fabrizio Pastore and Daniela Micucci and Michell Guzmán and Leonardo Mariani},
 doi = {10.1109/tse.2020.2998527},
 number = {2},
 pages = {617-636},
 title = {TkT: Automatic Inference of Timed and Extended Pushdown Automata.},
 type = {Journal Articles},
 venue = {IEEE Transactions on Software Engineering},
 volume = {48},
 year = {2022}
}

@article{PasPlaPon22,
 author = {Ivan Pashchenko and Henrik Plate and Serena Elisa Ponta and Antonino Sabetta and Fabio Massacci},
 doi = {10.1109/tse.2020.3025443},
 number = {5},
 pages = {1592-1609},
 title = {Vuln4Real: A Methodology for Counting Actually Vulnerable Dependencies.},
 type = {Journal Articles},
 venue = {IEEE Transactions on Software Engineering},
 volume = {48},
 year = {2022}
}

@article{PenCheYan22,
 author = {Zi Peng and Tse-Hsun Chen and Jinqiu Yang},
 doi = {10.1109/tse.2020.3045914},
 number = {6},
 pages = {1979-1993},
 title = {Revisiting Test Impact Analysis in Continuous Testing From the Perspective of Code Dependencies.},
 type = {Journal Articles},
 venue = {IEEE Transactions on Software Engineering},
 volume = {48},
 year = {2022}
}

@article{PenMen22,
 author = {Kewen Peng and Tim Menzies},
 doi = {10.1109/tse.2021.3062968},
 number = {7},
 pages = {2510-2525},
 title = {Defect Reduction Planning (Using TimeLIME).},
 type = {Journal Articles},
 venue = {IEEE Transactions on Software Engineering},
 volume = {48},
 year = {2022}
}

@article{PetIvaFra22,
 author = {Goran Petrovic and Marko Ivankovic and Gordon Fraser and René Just},
 doi = {10.1109/tse.2021.3107634},
 number = {10},
 pages = {3900-3912},
 title = {Practical Mutation Testing at Scale: A view from Google.},
 type = {Journal Articles},
 venue = {IEEE Transactions on Software Engineering},
 volume = {48},
 year = {2022}
}

@article{PinBisCar22,
 author = {Pedro Pinto and João Bispo and João M. P. Cardoso and Jorge G. Barbosa and Davide Gadioli and Gianluca Palermo and Jan Martinovic and Martin Golasowski and Katerina Slaninová and Radim Cmar and Cristina Silvano},
 doi = {10.1109/tse.2020.3001257},
 number = {3},
 pages = {732-754},
 title = {Pegasus: Performance Engineering for Software Applications Targeting HPC Systems.},
 type = {Journal Articles},
 venue = {IEEE Transactions on Software Engineering},
 volume = {48},
 year = {2022}
}

@article{PraForRas22,
 author = {Gede Artha Azriadi Prana and Denae Ford and Ayushi Rastogi and David Lo and Rahul Purandare and Nachiappan Nagappan},
 doi = {10.1109/tse.2021.3092813},
 number = {9},
 pages = {3394-3409},
 title = {Including Everyone, Everywhere: Understanding Opportunities and Challenges of Geographic Gender-Inclusion in OSS.},
 type = {Journal Articles},
 venue = {IEEE Transactions on Software Engineering},
 volume = {48},
 year = {2022}
}

@article{PreRob22,
 author = {Julian Aron Prenner and Romain Robbes},
 doi = {10.1109/tse.2021.3135465},
 number = {12},
 pages = {5050-5067},
 title = {Making the Most of Small Software Engineering Datasets With Modern Machine Learning.},
 type = {Journal Articles},
 venue = {IEEE Transactions on Software Engineering},
 volume = {48},
 year = {2022}
}

@article{PérFonArc22,
 author = {Francisca Pérez and Jaime Font and Lorena Arcega and Carlos Cetina},
 doi = {10.1109/tse.2021.3121253},
 number = {11},
 pages = {4553-4568},
 title = {Empowering the Human as the Fitness Function in Search-Based Model-Driven Engineering.},
 type = {Journal Articles},
 venue = {IEEE Transactions on Software Engineering},
 volume = {48},
 year = {2022}
}

@article{PérGonDía22,
 author = {Jorge Pérez and Ángel González-Prieto and Jessica Díaz and Daniel López-Fernández and Javier García Martin and Agustín Yagüe},
 doi = {10.1109/tse.2021.3092705},
 number = {9},
 pages = {3378-3393},
 title = {DevOps Research-Based Teaching Using Qualitative Research and Inter-Coder Agreement.},
 type = {Journal Articles},
 venue = {IEEE Transactions on Software Engineering},
 volume = {48},
 year = {2022}
}

@article{PérZiaCet22,
 author = {Francisca Pérez and Tewfik Ziadi and Carlos Cetina},
 doi = {10.1109/tse.2020.3000520},
 number = {2},
 pages = {713-731},
 title = {Utilizing Automatic Query Reformulations as Genetic Operations to Improve Feature Location in Software Models.},
 type = {Journal Articles},
 venue = {IEEE Transactions on Software Engineering},
 volume = {48},
 year = {2022}
}

@article{QinTuLiu22,
 author = {Boqin Qin and Tengfei Tu and Ziheng Liu and Tingting Yu and Linhai Song},
 doi = {10.1109/tse.2021.3067652},
 number = {7},
 pages = {2680-2694},
 title = {Algorithmic Profiling for Real-World Complexity Problems.},
 type = {Journal Articles},
 venue = {IEEE Transactions on Software Engineering},
 volume = {48},
 year = {2022}
}

@article{QiuGaoXia22,
 author = {Fangcheng Qiu and Zhipeng Gao and Xin Xia and David Lo and John C. Grundy and Xinyu Wang},
 doi = {10.1109/tse.2021.3135875},
 number = {12},
 pages = {5068-5086},
 title = {Deep Just-In-Time Defect Localization.},
 type = {Journal Articles},
 venue = {IEEE Transactions on Software Engineering},
 volume = {48},
 year = {2022}
}

@article{QiuZheChe22,
 author = {Kun Qiu and Zheng Zheng and Tsong Yueh Chen and Pak-Lok Poon},
 doi = {10.1109/tse.2020.3009698},
 number = {3},
 pages = {1001-1017},
 title = {Theoretical and Empirical Analyses of the Effectiveness of Metamorphic Relation Composition.},
 type = {Journal Articles},
 venue = {IEEE Transactions on Software Engineering},
 volume = {48},
 year = {2022}
}

@article{RajTanJia22,
 author = {Dilini Rajapaksha and Chakkrit Tantithamthavorn and Jirayus Jiarpakdee and Christoph Bergmeir and John Grundy and Wray L. Buntine},
 doi = {10.1109/tse.2021.3070559},
 number = {8},
 pages = {2814-2835},
 title = {SQAPlanner: Generating Data-Informed Software Quality Improvement Plans.},
 type = {Journal Articles},
 venue = {IEEE Transactions on Software Engineering},
 volume = {48},
 year = {2022}
}

@article{RajWanOli22,
 author = {Gopi Krishnan Rajbahadur and Shaowei Wang and Gustavo Ansaldi Oliva and Yasutaka Kamei and Ahmed E. Hassan},
 doi = {10.1109/tse.2021.3056941},
 number = {7},
 pages = {2245-2261},
 title = {The Impact of Feature Importance Methods on the Interpretation of Defect Classifiers.},
 type = {Journal Articles},
 venue = {IEEE Transactions on Software Engineering},
 volume = {48},
 year = {2022}
}

@article{RaoLiLei22,
 author = {Chang Rao and Nan Li and Yu Lei and Jin Guo and Yadong Zhang and Raghu N. Kacker and D. Richard Kuhn},
 doi = {10.1109/tse.2021.3065950},
 number = {7},
 pages = {2606-2628},
 title = {Combinatorial Test Generation for Multiple Input Models With Shared Parameters.},
 type = {Journal Articles},
 venue = {IEEE Transactions on Software Engineering},
 volume = {48},
 year = {2022}
}

@article{RazVenKos22,
 author = {Abdul Razzaq and Anthony Ventresque and Rainer Koschke and Andrea De Lucia and Jim Buckley},
 doi = {10.1109/tse.2021.3049735},
 number = {6},
 pages = {2066-2085},
 title = {The Effect of Feature Characteristics on the Performance of Feature Location Techniques.},
 type = {Journal Articles},
 venue = {IEEE Transactions on Software Engineering},
 volume = {48},
 year = {2022}
}

@article{RebAliKes22,
 author = {Soumaya Rebai and Vahid Alizadeh and Marouane Kessentini and Houcem Fehri and Rick Kazman},
 doi = {10.1109/tse.2020.3024814},
 number = {5},
 pages = {1560-1578},
 title = {Enabling Decision and Objective Space Exploration for Interactive Multi-Objective Refactoring.},
 type = {Journal Articles},
 venue = {IEEE Transactions on Software Engineering},
 volume = {48},
 year = {2022}
}

@article{ReiZam22,
 author = {Iris Reinhartz-Berger and Anna Zamansky},
 doi = {10.1109/tse.2020.3001512},
 number = {3},
 pages = {773-785},
 title = {Reuse of Similarly Behaving Software Through Polymorphism-Inspired Variability Mechanisms.},
 type = {Journal Articles},
 venue = {IEEE Transactions on Software Engineering},
 volume = {48},
 year = {2022}
}

@article{RezKamMcI22,
 author = {Christophe Rezk and Yasutaka Kamei and Shane McIntosh},
 doi = {10.1109/tse.2021.3087419},
 number = {9},
 pages = {3297-3309},
 title = {The Ghost Commit Problem When Identifying Fix-Inducing Changes: An Empirical Study of Apache Projects.},
 type = {Journal Articles},
 venue = {IEEE Transactions on Software Engineering},
 volume = {48},
 year = {2022}
}

@article{RitKovHol22,
 author = {Nico Ritschel and Vladimir Kovalenko and Reid Holmes and Ronald Garcia and David C. Shepherd},
 doi = {10.1109/tse.2020.3027255},
 number = {5},
 pages = {1630-1643},
 title = {Comparing Block-Based Programming Models for Two-Armed Robots.},
 type = {Journal Articles},
 venue = {IEEE Transactions on Software Engineering},
 volume = {48},
 year = {2022}
}

@article{RodNagRob22,
 author = {Gema Rodríguez-Pérez and Meiyappan Nagappan and Gregorio Robles},
 doi = {10.1109/tse.2020.3021380},
 number = {4},
 pages = {1400-1416},
 title = {Watch Out for Extrinsic Bugs! A Case Study of Their Impact in Just-In-Time Bug Prediction Models on the OpenStack Project.},
 type = {Journal Articles},
 venue = {IEEE Transactions on Software Engineering},
 volume = {48},
 year = {2022}
}

@article{RodUrqMen22,
 author = {Pilar Rodríguez and Cathy Urquhart and Emilia Mendes},
 doi = {10.1109/tse.2020.2989666},
 number = {2},
 pages = {466-484},
 title = {A Theory of Value for Value-Based Feature Selection in Software Engineering.},
 type = {Journal Articles},
 venue = {IEEE Transactions on Software Engineering},
 volume = {48},
 year = {2022}
}

@article{RosClaMad22,
 author = {Wilson Rosa and Bradford K. Clark and Raymond J. Madachy and Barry W. Boehm},
 doi = {10.1109/tse.2021.3080666},
 number = {8},
 pages = {3117-3130},
 title = {Empirical Effort and Schedule Estimation Models for Agile Processes in the US DoD.},
 type = {Journal Articles},
 venue = {IEEE Transactions on Software Engineering},
 volume = {48},
 year = {2022}
}

@article{RusSto22,
 author = {Daniel Russo and Klaas-Jan Stol},
 doi = {10.1109/tse.2020.3003413},
 number = {3},
 pages = {819-834},
 title = {Gender Differences in Personality Traits of Software Engineers.},
 type = {Journal Articles},
 venue = {IEEE Transactions on Software Engineering},
 volume = {48},
 year = {2022}
}

@article{SabGuéPal22,
 author = {Fatima Sabir and Yann-Gaël Guéhéneuc and Francis Palma and Naouel Moha and Ghulam Rasool and Hassan Akhtar},
 doi = {10.1109/tse.2021.3117023},
 number = {11},
 pages = {4319-4338},
 title = {A Mixed-Method Approach to Recommend Corrections and Correct REST Antipatterns.},
 type = {Journal Articles},
 venue = {IEEE Transactions on Software Engineering},
 volume = {48},
 year = {2022}
}

@article{SaiOunMka22,
 author = {Islem Saidani and Ali Ouni and Mohamed Wiem Mkaouer},
 doi = {10.1109/tse.2021.3129165},
 number = {12},
 pages = {4873-4891},
 title = {Detecting Continuous Integration Skip Commits Using Multi-Objective Evolutionary Search.},
 type = {Journal Articles},
 venue = {IEEE Transactions on Software Engineering},
 volume = {48},
 year = {2022}
}

@article{SalRodTur22,
 author = {Iflaah Salman and Pilar Rodríguez and Burak Turhan and Ayse Tosun and Arda Gureller},
 doi = {10.1109/tse.2020.3019892},
 number = {4},
 pages = {1351-1368},
 title = {What Leads to a Confirmatory or Disconfirmatory Behavior of Software Testers?},
 type = {Journal Articles},
 venue = {IEEE Transactions on Software Engineering},
 volume = {48},
 year = {2022}
}

@article{SamBalDan22,
 author = {Binny M. Samuel and Hillol Bala and Sherae L. Daniel and V. Ramesh},
 doi = {10.1109/tse.2021.3108935},
 number = {10},
 pages = {3969-3987},
 title = {Deconstructing the Nature of Collaboration in Organizations Open Source Software Development: The Impact of Developer and Task Characteristics.},
 type = {Journal Articles},
 venue = {IEEE Transactions on Software Engineering},
 volume = {48},
 year = {2022}
}

@article{SanNegNor22,
 author = {Raghvinder S. Sangwan and Ashkan Negahban and Robert L. Nord and Ipek Ozkaya},
 doi = {10.1109/tse.2020.3020013},
 number = {4},
 pages = {1369-1384},
 title = {Optimization of Software Release Planning Considering Architectural Dependencies, Cost, and Value.},
 type = {Journal Articles},
 venue = {IEEE Transactions on Software Engineering},
 volume = {48},
 year = {2022}
}

@article{SarAhmBur22,
 author = {Qusay Idrees Sarhan and Bestoun S. Ahmed and Miroslav Bures and Kamal Z. Zamli},
 doi = {10.1109/tse.2020.3042553},
 number = {6},
 pages = {1905-1928},
 title = {Software Module Clustering: An In-Depth Literature Analysis.},
 type = {Journal Articles},
 venue = {IEEE Transactions on Software Engineering},
 volume = {48},
 year = {2022}
}

@article{SarMouPet22,
 author = {Federica Sarro and Rebecca Moussa and Alessio Petrozziello and Mark Harman},
 doi = {10.1109/tse.2020.3040793},
 number = {6},
 pages = {1868-1882},
 title = {Learning From Mistakes: Machine Learning Enhanced Human Expert Effort Estimates.},
 type = {Journal Articles},
 venue = {IEEE Transactions on Software Engineering},
 volume = {48},
 year = {2022}
}

@article{SeiHecCav22,
 author = {Georg Seibt and Florian Heck and Guilherme Cavalcanti and Paulo Borba and Sven Apel},
 doi = {10.1109/tse.2021.3123143},
 number = {11},
 pages = {4590-4610},
 title = {Leveraging Structure in Software Merge: An Empirical Study.},
 type = {Journal Articles},
 venue = {IEEE Transactions on Software Engineering},
 volume = {48},
 year = {2022}
}

@article{ShaBerFla22,
 author = {Zohreh Sharafi and Ian Bertram and Michael Flanagan and Westley Weimer},
 doi = {10.1109/tse.2020.3032064},
 number = {5},
 pages = {1692-1704},
 title = {Eyes on Code: A Study on Developers&apos; Code Navigation Strategies.},
 type = {Journal Articles},
 venue = {IEEE Transactions on Software Engineering},
 volume = {48},
 year = {2022}
}

@article{ShaPenKar22,
 author = {Shachi Sharma and Parag C. Pendharkar and Karmeshu},
 doi = {10.1109/tse.2021.3139216},
 number = {12},
 pages = {5136-5147},
 title = {Learning Component Size Distributions for Software Cost Estimation: Models Based on Arithmetic and Shifted Geometric Means Rules.},
 type = {Journal Articles},
 venue = {IEEE Transactions on Software Engineering},
 volume = {48},
 year = {2022}
}

@article{ShiWenCôg22,
 author = {Yong Shi and Mingzhi Wen and Filipe Roseiro Côgo and Boyuan Chen and Zhen Ming Jiang},
 doi = {10.1109/tse.2021.3092692},
 number = {9},
 pages = {3361-3377},
 title = {An Experience Report on Producing Verifiable Builds for Large-Scale Commercial Systems.},
 type = {Journal Articles},
 venue = {IEEE Transactions on Software Engineering},
 volume = {48},
 year = {2022}
}

@article{ShrHalEdw22,
 author = {Benjamin Shreeve and Joseph Hallett and Matthew Edwards and Kopo M. Ramokapane and Richard Atkins and Awais Rashid},
 doi = {10.1109/tse.2020.3023735},
 number = {5},
 pages = {1515-1528},
 title = {The Best Laid Plans or Lack Thereof: Security Decision-Making of Different Stakeholder Groups.},
 type = {Journal Articles},
 venue = {IEEE Transactions on Software Engineering},
 volume = {48},
 year = {2022}
}

@article{SonJobRan22,
 author = {Devika Sondhi and Mayank Jobanputra and Divya Rani and Salil Purandare and Sakshi Sharma and Rahul Purandare},
 doi = {10.1109/tse.2021.3057163},
 number = {7},
 pages = {2262-2276},
 title = {Mining Similar Methods for Test Adaptation.},
 type = {Journal Articles},
 venue = {IEEE Transactions on Software Engineering},
 volume = {48},
 year = {2022}
}

@article{SorPavHav22,
 author = {Ezekiel O. Soremekun and Esteban Pavese and Nikolas Havrikov and Lars Grunske and Andreas Zeller},
 doi = {10.1109/tse.2020.3013716},
 number = {4},
 pages = {1138-1153},
 title = {Inputs From Hell.},
 type = {Journal Articles},
 venue = {IEEE Transactions on Software Engineering},
 volume = {48},
 year = {2022}
}

@article{SorUdeCha22,
 author = {Ezekiel O. Soremekun and Sakshi Udeshi and Sudipta Chattopadhyay},
 doi = {10.1109/tse.2022.3141758},
 number = {12},
 pages = {5188-5211},
 title = {Astraea: Grammar-Based Fairness Testing.},
 type = {Journal Articles},
 venue = {IEEE Transactions on Software Engineering},
 volume = {48},
 year = {2022}
}

@article{SouFerCor22,
 author = {Tiago Boldt Sousa and Hugo Sereno Ferreira and Filipe Figueiredo Correia},
 doi = {10.1109/tse.2021.3052177},
 number = {6},
 pages = {2128-2140},
 title = {A Survey on the Adoption of Patterns for Engineering Software for the Cloud.},
 type = {Journal Articles},
 venue = {IEEE Transactions on Software Engineering},
 volume = {48},
 year = {2022}
}

@article{SprSinSen22,
 author = {John Spray and Roopak Sinha and Arnab Sen and Xingbin Cheng},
 doi = {10.1109/tse.2021.3119012},
 number = {11},
 pages = {4397-4410},
 title = {Building Maintainable Software Using Abstraction Layering.},
 type = {Journal Articles},
 venue = {IEEE Transactions on Software Engineering},
 volume = {48},
 year = {2022}
}

@article{SuFanChe22,
 author = {Ting Su and Lingling Fan and Sen Chen and Yang Liu and Lihua Xu and Geguang Pu and Zhendong Su},
 doi = {10.1109/tse.2020.3013438},
 number = {4},
 pages = {1115-1137},
 title = {Why My App Crashes? Understanding and Benchmarking Framework-Specific Exceptions of Android Apps.},
 type = {Journal Articles},
 venue = {IEEE Transactions on Software Engineering},
 volume = {48},
 year = {2022}
}

@article{SuLiuZha22,
 author = {Guoxin Su and Li Liu and Minjie Zhang and David S. Rosenblum},
 doi = {10.1109/tse.2020.2996033},
 number = {2},
 pages = {538-550},
 title = {Quantitative Verification for Monitoring Event-Streaming Systems.},
 type = {Journal Articles},
 venue = {IEEE Transactions on Software Engineering},
 volume = {48},
 year = {2022}
}

@article{SunGonTia22,
 author = {Baicai Sun and Dunwei Gong and Tian Tian and Xiangjuan Yao},
 doi = {10.1109/tse.2020.3019406},
 number = {4},
 pages = {1336-1350},
 title = {Integrating an Ensemble Surrogate Model&apos;s Estimation into Test Data Generation.},
 type = {Journal Articles},
 venue = {IEEE Transactions on Software Engineering},
 volume = {48},
 year = {2022}
}

@article{SáePérIzq22,
 author = {Carlos Sáenz-Adán and Beatriz Pérez and Francisco J. García Izquierdo and Luc Moreau},
 doi = {10.1109/tse.2020.2977016},
 number = {2},
 pages = {53-68},
 title = {Integrating Provenance Capture and UML With UML2PROV: Principles and Experience.},
 type = {Journal Articles},
 venue = {IEEE Transactions on Software Engineering},
 volume = {48},
 year = {2022}
}

@article{TanJiaZho22,
 author = {Yixuan Tang and He Jiang and Zhide Zhou and Xiaochen Li and Zhilei Ren and Weiqiang Kong},
 doi = {10.1109/tse.2021.3119186},
 number = {11},
 pages = {4411-4432},
 title = {Detecting Compiler Warning Defects Via Diversity-Guided Program Mutation.},
 type = {Journal Articles},
 venue = {IEEE Transactions on Software Engineering},
 volume = {48},
 year = {2022}
}

@article{TanWanZha22,
 author = {Yutian Tang and Haoyu Wang and Xian Zhan and Xiapu Luo and Yajin Zhou and Hao Zhou and Qiben Yan and Yulei Sui and Jacky Keung},
 doi = {10.1109/tse.2021.3077654},
 number = {8},
 pages = {3044-3065},
 title = {A Systematical Study on Application Performance Management Libraries for Apps.},
 type = {Journal Articles},
 venue = {IEEE Transactions on Software Engineering},
 volume = {48},
 year = {2022}
}

@article{TanZhoLuo22,
 author = {Yutian Tang and Hao Zhou and Xiapu Luo and Ting Chen and Haoyu Wang and Zhou Xu and Yan Cai},
 doi = {10.1109/tse.2021.3120213},
 number = {11},
 pages = {4501-4520},
 title = {XDebloat: Towards Automated Feature-Oriented App Debloating.},
 type = {Journal Articles},
 venue = {IEEE Transactions on Software Engineering},
 volume = {48},
 year = {2022}
}

@article{TawSarPet22,
 author = {Vali Tawosi and Federica Sarro and Alessio Petrozziello and Mark Harman},
 doi = {10.1109/tse.2021.3083360},
 number = {8},
 pages = {3185-3205},
 title = {Multi-Objective Software Effort Estimation: A Replication Study.},
 type = {Journal Articles},
 venue = {IEEE Transactions on Software Engineering},
 volume = {48},
 year = {2022}
}

@article{TeyIzaIsa22,
 author = {Navid Teymourian and Habib Izadkhah and Ayaz Isazadeh},
 doi = {10.1109/tse.2020.3022212},
 number = {4},
 pages = {1451-1462},
 title = {A Fast Clustering Algorithm for Modularization of Large-Scale Software Systems.},
 type = {Journal Articles},
 venue = {IEEE Transactions on Software Engineering},
 volume = {48},
 year = {2022}
}

@article{TorFurFel22,
 author = {Richard Torkar and Carlo A. Furia and Robert Feldt and Francisco Gomes de Oliveira Neto and Lucas Gren and Per Lenberg and Neil A. Ernst},
 doi = {10.1109/tse.2020.3048991},
 number = {6},
 pages = {2053-2065},
 title = {A Method to Assess and Argue for Practical Significance in Software Engineering.},
 type = {Journal Articles},
 venue = {IEEE Transactions on Software Engineering},
 volume = {48},
 year = {2022}
}

@article{TriGuiWie22,
 author = {Bianca Trinkenreich and Mariam Guizani and Igor Wiese and Tayana Conte and Marco Aurélio Gerosa and Anita Sarma and Igor Steinmacher},
 doi = {10.1109/tse.2021.3108032},
 number = {10},
 pages = {3940-3953},
 title = {Pots of Gold at the End of the Rainbow: What is Success for Open Source Contributors?},
 type = {Journal Articles},
 venue = {IEEE Transactions on Software Engineering},
 volume = {48},
 year = {2022}
}

@article{TsaKetDig22,
 author = {Nikolaos Tsantalis and Ameya Ketkar and Danny Dig},
 doi = {10.1109/tse.2020.3007722},
 number = {3},
 pages = {930-950},
 title = {RefactoringMiner 2.0.},
 type = {Journal Articles},
 venue = {IEEE Transactions on Software Engineering},
 volume = {48},
 year = {2022}
}

@article{TsoMitCha22,
 author = {Dimitrios Tsoukalas and Nikolaos Mittas and Alexander Chatzigeorgiou and Dionisis D. Kehagias and Apostolos Ampatzoglou and Theodoros Amanatidis and Lefteris Angelis},
 doi = {10.1109/tse.2021.3129355},
 number = {12},
 pages = {4892-4906},
 title = {Machine Learning for Technical Debt Identification.},
 type = {Journal Articles},
 venue = {IEEE Transactions on Software Engineering},
 volume = {48},
 year = {2022}
}

@article{TusEbrMah22,
 author = {Miroslav Tushev and Fahimeh Ebrahimi and Anas Mahmoud},
 doi = {10.1109/tse.2021.3139961},
 number = {12},
 pages = {5148-5157},
 title = {A Systematic Literature Review of Anti-Discrimination Design Strategies in the Digital Sharing Economy.},
 type = {Journal Articles},
 venue = {IEEE Transactions on Software Engineering},
 volume = {48},
 year = {2022}
}

@article{TuYuMen22,
 author = {Huy Tu and Zhe Yu and Tim Menzies},
 doi = {10.1109/tse.2020.2986415},
 number = {2},
 pages = {278-294},
 title = {Better Data Labelling With EMBLEM (and how that Impacts Defect Prediction).},
 type = {Journal Articles},
 venue = {IEEE Transactions on Software Engineering},
 volume = {48},
 year = {2022}
}

@article{UllOh22,
 author = {Sami Ullah and Heekuck Oh},
 doi = {10.1109/tse.2021.3093926},
 number = {9},
 pages = {3442-3466},
 title = {BinDiffNN: Learning Distributed Representation of Assembly for Robust Binary Diffing Against Semantic Differences.},
 type = {Journal Articles},
 venue = {IEEE Transactions on Software Engineering},
 volume = {48},
 year = {2022}
}

@article{ValDíaBou22,
 author = {Valentín Valero and Gregorio Díaz and Juan Boubeta-Puig and Hermenegilda Macià and Enrique Brazález},
 doi = {10.1109/tse.2021.3065584},
 number = {7},
 pages = {2584-2605},
 title = {A Compositional Approach for Complex Event Pattern Modeling and Transformation to Colored Petri Nets with Black Sequencing Transitions.},
 type = {Journal Articles},
 venue = {IEEE Transactions on Software Engineering},
 volume = {48},
 year = {2022}
}

@article{ValHunFig22,
 author = {Gustavo Vale and Claus Hunsen and Eduardo Figueiredo and Sven Apel},
 doi = {10.1109/tse.2021.3130098},
 number = {12},
 pages = {4964-4985},
 title = {Challenges of Resolving Merge Conflicts: A Mining and Survey Study.},
 type = {Journal Articles},
 venue = {IEEE Transactions on Software Engineering},
 volume = {48},
 year = {2022}
}

@article{VerSamAkh22,
 author = {Morteza Verdi and Ashkan Sami and Jafar Akhondali and Foutse Khomh and Gias Uddin and Alireza Karami Motlagh},
 doi = {10.1109/tse.2020.3023664},
 number = {5},
 pages = {1497-1514},
 title = {An Empirical Study of C++ Vulnerabilities in Crowd-Sourced Code Examples.},
 type = {Journal Articles},
 venue = {IEEE Transactions on Software Engineering},
 volume = {48},
 year = {2022}
}

@article{VysMcIAda22,
 author = {Shivashree Vysali and Shane McIntosh and Bram Adams},
 doi = {10.1109/tse.2020.3010045},
 number = {3},
 pages = {1018-1029},
 title = {Quantifying, Characterizing, and Mitigating Flakily Covered Program Elements.},
 type = {Journal Articles},
 venue = {IEEE Transactions on Software Engineering},
 volume = {48},
 year = {2022}
}

@article{WagWyr22,
 author = {Stefan Wagner and Marvin Wyrich},
 doi = {10.1109/tse.2021.3127131},
 number = {12},
 pages = {4789-4801},
 title = {Code Comprehension Confounders: A Study of Intelligence and Personality.},
 type = {Journal Articles},
 venue = {IEEE Transactions on Software Engineering},
 volume = {48},
 year = {2022}
}

@article{WanCheXin22,
 author = {Han Wang and Chunyang Chen and Zhenchang Xing and John Grundy},
 doi = {10.1109/tse.2021.3059885},
 number = {7},
 pages = {2399-2416},
 title = {DiffTech: Differencing Similar Technologies From Crowd-Scale Comparison Discussions.},
 type = {Journal Articles},
 venue = {IEEE Transactions on Software Engineering},
 volume = {48},
 year = {2022}
}

@article{WanDumNiu22,
 author = {Wentao Wang and Faryn Dumont and Nan Niu and Glen Horton},
 doi = {10.1109/tse.2020.3030745},
 number = {5},
 pages = {1665-1675},
 title = {Detecting Software Security Vulnerabilities Via Requirements Dependency Analysis.},
 type = {Journal Articles},
 venue = {IEEE Transactions on Software Engineering},
 volume = {48},
 year = {2022}
}

@article{WanGaoWan22,
 author = {Yu Wang and Fengjuan Gao and Linzhang Wang and Tingting Yu and Jianhua Zhao and Xuandong Li},
 doi = {10.1109/tse.2020.2989171},
 number = {2},
 pages = {346-363},
 title = {Automatic Detection, Validation, and Repair of Race Conditions in Interrupt-Driven Embedded Software.},
 type = {Journal Articles},
 venue = {IEEE Transactions on Software Engineering},
 volume = {48},
 year = {2022}
}

@article{WanPasGok22,
 author = {Chunhui Wang and Fabrizio Pastore and Arda Goknil and Lionel C. Briand},
 doi = {10.1109/tse.2020.2998503},
 number = {2},
 pages = {585-616},
 title = {Automatic Generation of Acceptance Test Cases From Use Case Specifications: An NLP-Based Approach.},
 type = {Journal Articles},
 venue = {IEEE Transactions on Software Engineering},
 volume = {48},
 year = {2022}
}

@article{WanWuWan22,
 author = {Ying Wang and Rongxin Wu and Chao Wang and Ming Wen and Yepang Liu and Shing-Chi Cheung and Hai Yu and Chang Xu and Zhiliang Zhu},
 doi = {10.1109/tse.2021.3057767},
 number = {7},
 pages = {2295-2316},
 title = {Will Dependency Conflicts Affect My Program&apos;s Semantics?},
 type = {Journal Articles},
 venue = {IEEE Transactions on Software Engineering},
 volume = {48},
 year = {2022}
}

@article{WanYanWan22,
 author = {Junjie Wang and Ye Yang and Song Wang and Chunyang Chen and Dandan Wang and Qing Wang},
 doi = {10.1109/tse.2021.3081171},
 number = {8},
 pages = {3131-3144},
 title = {Context-Aware Personalized Crowdtesting Task Recommendation.},
 type = {Journal Articles},
 venue = {IEEE Transactions on Software Engineering},
 volume = {48},
 year = {2022}
}

@article{WanZhaSui22,
 author = {Wenhua Wang and Yuqun Zhang and Yulei Sui and Yao Wan and Zhou Zhao and Jian Wu and Philip S. Yu and Guandong Xu},
 doi = {10.1109/tse.2020.2979701},
 number = {2},
 pages = {102-119},
 title = {Reinforcement-Learning-Guided Source Code Summarization Using Hierarchical Attention.},
 type = {Journal Articles},
 venue = {IEEE Transactions on Software Engineering},
 volume = {48},
 year = {2022}
}

@article{WatThoTan22,
 author = {Supatsara Wattanakriengkrai and Patanamon Thongtanunam and Chakkrit Tantithamthavorn and Hideaki Hata and Kenichi Matsumoto},
 doi = {10.1109/tse.2020.3023177},
 number = {5},
 pages = {1480-1496},
 title = {Predicting Defective Lines Using a Model-Agnostic Technique.},
 type = {Journal Articles},
 venue = {IEEE Transactions on Software Engineering},
 volume = {48},
 year = {2022}
}

@article{WerLiLow22,
 author = {Colin M. Werner and Ze Shi Li and Derek Lowlind and Omar Elazhary and Neil A. Ernst and Daniela E. Damian},
 doi = {10.1109/tse.2021.3066330},
 number = {7},
 pages = {2629-2642},
 title = {Continuously Managing NFRs: Opportunities and Challenges in Practice.},
 type = {Journal Articles},
 venue = {IEEE Transactions on Software Engineering},
 volume = {48},
 year = {2022}
}

@article{WuZheXia22,
 author = {Xiaoxue Wu and Wei Zheng and Xin Xia and David Lo},
 doi = {10.1109/tse.2021.3063727},
 number = {7},
 pages = {2541-2556},
 title = {Data Quality Matters: A Case Study on Data Label Correctness for Security Bug Report Prediction.},
 type = {Journal Articles},
 venue = {IEEE Transactions on Software Engineering},
 volume = {48},
 year = {2022}
}

@article{XiaCaiKaz22,
 author = {Lu Xiao and Yuanfang Cai and Rick Kazman and Ran Mo and Qiong Feng},
 doi = {10.1109/tse.2021.3102221},
 number = {9},
 pages = {3686-3715},
 title = {Detecting the Locations and Predicting the Maintenance Costs of Compound Architectural Debts.},
 type = {Journal Articles},
 venue = {IEEE Transactions on Software Engineering},
 volume = {48},
 year = {2022}
}

@article{XiaHuaLi22,
 author = {Yi Xiang and Han Huang and Miqing Li and Sizhe Li and Xiaowei Yang},
 doi = {10.1109/tse.2021.3057853},
 number = {7},
 pages = {2317-2338},
 title = {Looking For Novelty in Search-Based Software Product Line Testing.},
 type = {Journal Articles},
 venue = {IEEE Transactions on Software Engineering},
 volume = {48},
 year = {2022}
}

@article{XiaShuShe22,
 author = {Tianpei Xia and Rui Shu and Xipeng Shen and Tim Menzies},
 doi = {10.1109/tse.2020.3047072},
 number = {6},
 pages = {1994-2009},
 title = {Sequential Model Optimization for Software Effort Estimation.},
 type = {Journal Articles},
 venue = {IEEE Transactions on Software Engineering},
 volume = {48},
 year = {2022}
}

@article{XiaWanMcI22,
 author = {Tao Xiao and Dong Wang and Shane McIntosh and Hideaki Hata and Raula Gaikovina Kula and Takashi Ishio and Kenichi Matsumoto},
 doi = {10.1109/tse.2021.3115772},
 number = {10},
 pages = {4214-4228},
 title = {Characterizing and Mitigating Self-Admitted Technical Debt in Build Systems.},
 type = {Journal Articles},
 venue = {IEEE Transactions on Software Engineering},
 volume = {48},
 year = {2022}
}

@article{XieYanWan22,
 author = {Xinqiang Xie and Xiaochun Yang and Bin Wang and Qiang He},
 doi = {10.1109/tse.2021.3117590},
 number = {11},
 pages = {4357-4379},
 title = {DevRec: Multi-Relationship Embedded Software Developer Recommendation.},
 type = {Journal Articles},
 venue = {IEEE Transactions on Software Engineering},
 volume = {48},
 year = {2022}
}

@article{XuChePei22,
 author = {Tongtong Xu and Liushan Chen and Yu Pei and Tian Zhang and Minxue Pan and Carlo A. Furia},
 doi = {10.1109/tse.2020.2987862},
 number = {2},
 pages = {309-326},
 title = {Restore: Retrospective Fault Localization Enhancing Automated Program Repair.},
 type = {Journal Articles},
 venue = {IEEE Transactions on Software Engineering},
 volume = {48},
 year = {2022}
}

@article{XueZhoLuo22,
 author = {Lei Xue and Hao Zhou and Xiapu Luo and Le Yu and Dinghao Wu and Yajin Zhou and Xiaobo Ma},
 doi = {10.1109/tse.2020.2996433},
 number = {2},
 pages = {551-570},
 title = {PackerGrind: An Adaptive Unpacking System for Android Apps.},
 type = {Journal Articles},
 venue = {IEEE Transactions on Software Engineering},
 volume = {48},
 year = {2022}
}

@article{XuHoaSha22,
 author = {Bowen Xu and Thong Hoang and Abhishek Sharma and Chengran Yang and Xin Xia and David Lo},
 doi = {10.1109/tse.2021.3093761},
 number = {9},
 pages = {3423-3441},
 title = {Post2Vec: Learning Distributed Representations of Stack Overflow Posts.},
 type = {Journal Articles},
 venue = {IEEE Transactions on Software Engineering},
 volume = {48},
 year = {2022}
}

@article{YanFuLiu22,
 author = {Jia Yang and Cai Fu and Xiao-Yang Liu and Heng Yin and Pan Zhou},
 doi = {10.1109/tse.2021.3056139},
 number = {7},
 pages = {2224-2244},
 title = {Codee: A Tensor Embedding Scheme for Binary Code Search.},
 type = {Journal Articles},
 venue = {IEEE Transactions on Software Engineering},
 volume = {48},
 year = {2022}
}

@article{YanXiaFan22,
 author = {Meng Yan and Xin Xia and Yuanrui Fan and Ahmed E. Hassan and David Lo and Shanping Li},
 doi = {10.1109/tse.2020.2978819},
 number = {2},
 pages = {82-101},
 title = {Just-In-Time Defect Identification and Localization: A Two-Phase Framework.},
 type = {Journal Articles},
 venue = {IEEE Transactions on Software Engineering},
 volume = {48},
 year = {2022}
}

@article{YaoSaySha22,
 author = {Kundi Yao and Mohammed Sayagh and Weiyi Shang and Ahmed E. Hassan},
 doi = {10.1109/tse.2021.3069958},
 number = {8},
 pages = {2748-2760},
 title = {Improving State-of-the-Art Compression Techniques for Log Management Tools.},
 type = {Journal Articles},
 venue = {IEEE Transactions on Software Engineering},
 volume = {48},
 year = {2022}
}

@article{YaoZhaPan22,
 author = {Xiangjuan Yao and Gongjie Zhang and Feng Pan and Dunwei Gong and Changqing Wei},
 doi = {10.1109/tse.2020.3014960},
 number = {4},
 pages = {1169-1184},
 title = {Orderly Generation of Test Data via Sorting Mutant Branches Based on Their Dominance Degrees for Weak Mutation Testing.},
 type = {Journal Articles},
 venue = {IEEE Transactions on Software Engineering},
 volume = {48},
 year = {2022}
}

@article{YedMen22,
 author = {Rahul Yedida and Tim Menzies},
 doi = {10.1109/tse.2021.3079841},
 number = {8},
 pages = {3103-3116},
 title = {On the Value of Oversampling for Deep Learning in Software Defect Prediction.},
 type = {Journal Articles},
 venue = {IEEE Transactions on Software Engineering},
 volume = {48},
 year = {2022}
}

@article{YeGuMar22,
 author = {He Ye and Jian Gu and Matias Martinez and Thomas Durieux and Martin Monperrus},
 doi = {10.1109/tse.2021.3071750},
 number = {8},
 pages = {2920-2938},
 title = {Automated Classification of Overfitting Patches With Statically Extracted Code Features.},
 type = {Journal Articles},
 venue = {IEEE Transactions on Software Engineering},
 volume = {48},
 year = {2022}
}

@article{YuFahTu22,
 author = {Zhe Yu and Fahmid Morshed Fahid and Huy Tu and Tim Menzies},
 doi = {10.1109/tse.2020.3031401},
 number = {5},
 pages = {1676-1691},
 title = {Identifying Self-Admitted Technical Debts With Jitterbug: A Two-Step Approach.},
 type = {Journal Articles},
 venue = {IEEE Transactions on Software Engineering},
 volume = {48},
 year = {2022}
}

@article{ZhaHarMa22,
 author = {Jie M. Zhang and Mark Harman and Lei Ma and Yang Liu},
 doi = {10.1109/tse.2019.2962027},
 number = {2},
 pages = {1-36},
 title = {Machine Learning Testing: Survey, Landscapes and Horizons.},
 type = {Journal Articles},
 venue = {IEEE Transactions on Software Engineering},
 volume = {48},
 year = {2022}
}

@article{ZhaHuaXia22,
 author = {Neng Zhang and Qiao Huang and Xin Xia and Ying Zou and David Lo and Zhenchang Xing},
 doi = {10.1109/tse.2020.3016006},
 number = {4},
 pages = {1185-1211},
 title = {Chatbot4QR: Interactive Query Refinement for Technical Question Retrieval.},
 type = {Journal Articles},
 venue = {IEEE Transactions on Software Engineering},
 volume = {48},
 year = {2022}
}

@article{ZhaLiMa22,
 author = {Peng Zhang and Yanhui Li and Wanwangying Ma and Yibiao Yang and Lin Chen and Hongmin Lu and Yuming Zhou and Baowen Xu},
 doi = {10.1109/tse.2020.3010361},
 number = {3},
 pages = {1067-1096},
 title = {CBUA: A Probabilistic, Predictive, and Practical Approach for Evaluating Test Suite Effectiveness.},
 type = {Journal Articles},
 venue = {IEEE Transactions on Software Engineering},
 volume = {48},
 year = {2022}
}

@article{ZhaLiuFan22,
 author = {Xian Zhan and Tianming Liu and Lingling Fan and Li Li and Sen Chen and Xiapu Luo and Yang Liu},
 doi = {10.1109/tse.2021.3114381},
 number = {10},
 pages = {4181-4213},
 title = {Research on Third-Party Libraries in Android Apps: A Taxonomy and Systematic Literature Review.},
 type = {Journal Articles},
 venue = {IEEE Transactions on Software Engineering},
 volume = {48},
 year = {2022}
}

@article{ZhaLiuLiu22,
 author = {Xian Zhan and Tianming Liu and Yepang Liu and Yang Liu and Li Li and Haoyu Wang and Xiapu Luo},
 doi = {10.1109/tse.2021.3115506},
 number = {11},
 pages = {4249-4273},
 title = {A Systematic Assessment on Android Third-Party Library Detection Tools.},
 type = {Journal Articles},
 venue = {IEEE Transactions on Software Engineering},
 volume = {48},
 year = {2022}
}

@article{ZhaRenDon22,
 author = {Pengcheng Zhang and Bin Ren and Hai Dong and Qiyin Dai},
 doi = {10.1109/tse.2021.3124006},
 number = {11},
 pages = {4630-4646},
 title = {CAGFuzz: Coverage-Guided Adversarial Generative Fuzzing Testing for Image-Based Deep Learning Systems.},
 type = {Journal Articles},
 venue = {IEEE Transactions on Software Engineering},
 volume = {48},
 year = {2022}
}

@article{ZhaWanLi22,
 author = {Haoxiang Zhang and Shaowei Wang and Heng Li and Tse-Hsun Chen and Ahmed E. Hassan},
 doi = {10.1109/tse.2021.3058985},
 number = {7},
 pages = {2359-2375},
 title = {A Study of C/C++ Code Weaknesses on Stack Overflow.},
 type = {Journal Articles},
 venue = {IEEE Transactions on Software Engineering},
 volume = {48},
 year = {2022}
}

@article{ZhaWanQiu22,
 author = {Junbin Zhang and Yingying Wang and Lina Qiu and Julia Rubin},
 doi = {10.1109/tse.2021.3109563},
 number = {10},
 pages = {4014-4040},
 title = {Analyzing Android Taint Analysis Tools: FlowDroid, Amandroid, and DroidSafe.},
 type = {Journal Articles},
 venue = {IEEE Transactions on Software Engineering},
 volume = {48},
 year = {2022}
}

@article{ZhaWanSun22,
 author = {Peixin Zhang and Jingyi Wang and Jun Sun and Xinyu Wang and Guoliang Dong and Xingen Wang and Ting Dai and Jin Song Dong},
 doi = {10.1109/tse.2021.3101478},
 number = {9},
 pages = {3593-3612},
 title = {Automatic Fairness Testing of Neural Classifiers Through Adversarial Sampling.},
 type = {Journal Articles},
 venue = {IEEE Transactions on Software Engineering},
 volume = {48},
 year = {2022}
}

@article{ZhoWanMei22,
 author = {Hao Zhong and Xiaoyin Wang and Hong Mei},
 doi = {10.1109/tse.2020.2996975},
 number = {2},
 pages = {571-584},
 title = {Inferring Bug Signatures to Detect Real Bugs.},
 type = {Journal Articles},
 venue = {IEEE Transactions on Software Engineering},
 volume = {48},
 year = {2022}
}

@article{ZhoYanChe22,
 author = {Yu Zhou and Xinying Yang and Taolue Chen and Zhiqiu Huang and Xiaoxing Ma and Harald C. Gall},
 doi = {10.1109/tse.2021.3053111},
 number = {6},
 pages = {2157-2172},
 title = {Boosting API Recommendation With Implicit Feedback.},
 type = {Journal Articles},
 venue = {IEEE Transactions on Software Engineering},
 volume = {48},
 year = {2022}
}
