@article{AhmFanYi22,
 author = {Umair Z. Ahmed and Zhiyu Fan and Jooyong Yi and Omar I. Al-Bataineh and Abhik Roychoudhury},
 doi = {10.1145/3510418},
 number = {4},
 pages = {74:1-74:31},
 title = {Verifix: Verified Repair of Programming Assignments.},
 type = {Journal Articles},
 venue = {ACM Transactions on Software Engineering and Methodology},
 volume = {31},
 year = {2022}
}

@article{AhmMerBah22,
 author = {Sabreen Ahmadjee and Carlos Joseph Mera-Gómez and Rami Bahsoon and Rick Kazman},
 doi = {10.1145/3502740},
 number = {2},
 pages = {36e:1-36e:45},
 title = {A Study on Blockchain Architecture Design Decisions and Their Security Attacks and Threats.},
 type = {Journal Articles},
 venue = {ACM Transactions on Software Engineering and Methodology},
 volume = {31},
 year = {2022}
}

@article{AlbGorHer22,
 author = {Elvira Albert and Pablo Gordillo and Alejandro Hernández-Cerezo and Albert Rubio and Maria Anna Schett},
 doi = {10.1145/3506800},
 number = {4},
 pages = {70:1-70:29},
 title = {Super-optimization of Smart Contracts.},
 type = {Journal Articles},
 venue = {ACM Transactions on Software Engineering and Methodology},
 volume = {31},
 year = {2022}
}

@article{AndLimMar22,
 author = {Étienne André and Didier Lime and Dylan Marinho and Jun Sun},
 doi = {10.1145/3502851},
 number = {4},
 pages = {64:1-64:36},
 title = {Guaranteeing Timed Opacity using Parametric Timed Model Checking.},
 type = {Journal Articles},
 venue = {ACM Transactions on Software Engineering and Methodology},
 volume = {31},
 year = {2022}
}

@article{ArcFonHau22,
 author = {Lorena Arcega and Jaime Font and Øystein Haugen and Carlos Cetina},
 doi = {10.1145/3472616},
 number = {1},
 pages = {10:1-10:32},
 title = {Bug Localization in Model-Based Systems in the Wild.},
 type = {Journal Articles},
 venue = {ACM Transactions on Software Engineering and Methodology},
 volume = {31},
 year = {2022}
}

@article{ArcGal22,
 author = {Andrea Arcuri and Juan P. Galeotti},
 doi = {10.1145/3477271},
 number = {1},
 pages = {1:1-1:34},
 title = {Enhancing Search-based Testing with Testability Transformations for Existing APIs.},
 type = {Journal Articles},
 venue = {ACM Transactions on Software Engineering and Methodology},
 volume = {31},
 year = {2022}
}

@article{ArdBotCop22,
 author = {Luca Ardito and Andrea Bottino and Riccardo Coppola and Fabrizio Lamberti and Francesco Manigrasso and Lia Morra and Marco Torchiano},
 doi = {10.1145/3477427},
 number = {2},
 pages = {21:1-21:32},
 title = {Feature Matching-based Approaches to Improve the Robustness of Android Visual GUI Testing.},
 type = {Journal Articles},
 venue = {ACM Transactions on Software Engineering and Methodology},
 volume = {31},
 year = {2022}
}

@article{BeyDanDie22,
 author = {Dirk Beyer and Matthias Dangl and Daniel Dietsch and Matthias Heizmann and Thomas Lemberger and Michael Tautschnig},
 doi = {10.1145/3477579},
 number = {4},
 pages = {57:1-57:69},
 title = {Verification Witnesses.},
 type = {Journal Articles},
 venue = {ACM Transactions on Software Engineering and Methodology},
 volume = {31},
 year = {2022}
}

@article{BiaTon22,
 author = {Matteo Biagiola and Paolo Tonella},
 doi = {10.1145/3511701},
 number = {4},
 pages = {80:1-80:46},
 title = {Testing the Plasticity of Reinforcement Learning-based Systems.},
 type = {Journal Articles},
 venue = {ACM Transactions on Software Engineering and Methodology},
 volume = {31},
 year = {2022}
}

@article{BiXiaLo22,
 author = {Tingting Bi and Xin Xia and David Lo and John C. Grundy and Thomas Zimmermann and Denae Ford},
 doi = {10.1145/3503508},
 number = {4},
 pages = {66:1-66:26},
 title = {Accessibility in Software Practice: A Practitioner&apos;s Perspective.},
 type = {Journal Articles},
 venue = {ACM Transactions on Software Engineering and Methodology},
 volume = {31},
 year = {2022}
}

@article{BocSchApe22,
 author = {Thomas Bock and Angelika Schmid and Sven Apel},
 doi = {10.1145/3473139},
 number = {2},
 pages = {19:1-19:50},
 title = {Measuring and Modeling Group Dynamics in Open-Source Software Development: A Tensor Decomposition Approach.},
 type = {Journal Articles},
 venue = {ACM Transactions on Software Engineering and Methodology},
 volume = {31},
 year = {2022}
}

@article{CalLan22,
 author = {Fabio Calefato and Filippo Lanubile},
 doi = {10.1145/3491039},
 number = {3},
 pages = {42:1-42:48},
 title = {Using Personality Detection Tools for Software Engineering Research: How Far Can We Go?},
 type = {Journal Articles},
 venue = {ACM Transactions on Software Engineering and Methodology},
 volume = {31},
 year = {2022}
}

@article{CaoLiLi22,
 author = {Jialun Cao and Meiziniu Li and Yeting Li and Ming Wen and Shing-Chi Cheung and Haiming Chen},
 doi = {10.1145/3490488},
 number = {2},
 pages = {34e:1-34e:36},
 title = {SemMT: A Semantic-Based Testing Approach for Machine Translation Systems.},
 type = {Journal Articles},
 venue = {ACM Transactions on Software Engineering and Methodology},
 volume = {31},
 year = {2022}
}

@article{CheSuo22,
 author = {Junjie Chen and Chenyao Suo},
 doi = {10.1145/3508362},
 number = {4},
 pages = {72:1-72:33},
 title = {Boosting Compiler Testing via Compiler Optimization Exploration.},
 type = {Journal Articles},
 venue = {ACM Transactions on Software Engineering and Methodology},
 volume = {31},
 year = {2022}
}

@article{CheXiaLo22,
 author = {Jiachi Chen and Xin Xia and David Lo and John C. Grundy},
 doi = {10.1145/3488245},
 number = {2},
 pages = {30:1-30:37},
 title = {Why Do Smart Contracts Self-Destruct? Investigating the Selfdestruct Function on Ethereum.},
 type = {Journal Articles},
 venue = {ACM Transactions on Software Engineering and Methodology},
 volume = {31},
 year = {2022}
}

@article{EbrTusMah22,
 author = {Fahimeh Ebrahimi and Miroslav Tushev and Anas Mahmoud},
 doi = {10.1145/3474827},
 number = {2},
 pages = {20:1-20:30},
 title = {Classifying Mobile Applications Using Word Embeddings.},
 type = {Journal Articles},
 venue = {ACM Transactions on Software Engineering and Methodology},
 volume = {31},
 year = {2022}
}

@article{FalAhlPen22,
 author = {Davide Falessi and Aalok Ahluwalia and Massimiliano Di Penta},
 doi = {10.1145/3467895},
 number = {1},
 pages = {4:1-4:26},
 title = {The Impact of Dormant Defects on Defect Prediction: A Study of 19 Apache Projects.},
 type = {Journal Articles},
 venue = {ACM Transactions on Software Engineering and Methodology},
 volume = {31},
 year = {2022}
}

@article{ForStoZim22,
 author = {Denae Ford and Margaret-Anne D. Storey and Thomas Zimmermann and Christian Bird and Sonia Jaffe and Chandra Shekhar Maddila and Jenna L. Butler and Brian Houck and Nachiappan Nagappan},
 doi = {10.1145/3487567},
 number = {2},
 pages = {27:1-27:37},
 title = {A Tale of Two Cities: Software Developers Working from Home during the COVID-19 Pandemic.},
 type = {Journal Articles},
 venue = {ACM Transactions on Software Engineering and Methodology},
 volume = {31},
 year = {2022}
}

@article{FurTorFel22,
 author = {Carlo A. Furia and Richard Torkar and Robert Feldt},
 doi = {10.1145/3490953},
 number = {3},
 pages = {40:1-40:38},
 title = {Applying Bayesian Analysis Guidelines to Empirical Software Engineering Data: The Case of Programming Languages and Code Quality.},
 type = {Journal Articles},
 venue = {ACM Transactions on Software Engineering and Methodology},
 volume = {31},
 year = {2022}
}

@article{GaoZhoXia22,
 author = {Cuiyun Gao and Wenjie Zhou and Xin Xia and David Lo and Qi Xie and Michael R. Lyu},
 doi = {10.1145/3464969},
 number = {1},
 pages = {11:1-11:36},
 title = {Automating App Review Response Generation Based on Contextual Knowledge.},
 type = {Journal Articles},
 venue = {ACM Transactions on Software Engineering and Methodology},
 volume = {31},
 year = {2022}
}

@article{GiaMasMag22,
 author = {Giuseppe De Giacomo and Riccardo De Masellis and Fabrizio Maria Maggi and Marco Montali},
 doi = {10.1145/3506799},
 number = {4},
 pages = {68:1-68:44},
 title = {Monitoring Constraints and Metaconstraints with Temporal Logics on Finite Traces.},
 type = {Journal Articles},
 venue = {ACM Transactions on Software Engineering and Methodology},
 volume = {31},
 year = {2022}
}

@article{GraLenFel22,
 author = {Daniel Graziotin and Per Lenberg and Robert Feldt and Stefan Wagner},
 doi = {10.1145/3469888},
 number = {1},
 pages = {7:1-7:36},
 title = {Psychometrics in Behavioral Software Engineering: A Methodological Introduction with Guidelines.},
 type = {Journal Articles},
 venue = {ACM Transactions on Software Engineering and Methodology},
 volume = {31},
 year = {2022}
}

@article{GuoCheXin22,
 author = {Hao Guo and Sen Chen and Zhenchang Xing and Xiaohong Li and Yude Bai and Jiamou Sun},
 doi = {10.1145/3498537},
 number = {3},
 pages = {49:1-49:27},
 title = {Detecting and Augmenting Missing Key Aspects in Vulnerability Descriptions.},
 type = {Journal Articles},
 venue = {ACM Transactions on Software Engineering and Methodology},
 volume = {31},
 year = {2022}
}

@article{HouBel22,
 author = {Katherine Hough and Jonathan Bell},
 doi = {10.1145/3485464},
 number = {2},
 pages = {26:1-26:43},
 title = {A Practical Approach for Dynamic Taint Tracking with Control-flow Relationships.},
 type = {Journal Articles},
 venue = {ACM Transactions on Software Engineering and Methodology},
 volume = {31},
 year = {2022}
}

@article{HuCheWan22,
 author = {Xing Hu and Qiuyuan Chen and Haoye Wang and Xin Xia and David Lo and Thomas Zimmermann},
 doi = {10.1145/3502853},
 number = {4},
 pages = {63:1-63:28},
 title = {Correlating Automated and Human Evaluation of Code Documentation Generation Quality.},
 type = {Journal Articles},
 venue = {ACM Transactions on Software Engineering and Methodology},
 volume = {31},
 year = {2022}
}

@article{HuGuoCor22,
 author = {Qiang Hu and Yuejun Guo and Maxime Cordy and Xiaofei Xie and Lei Ma and Mike Papadakis and Yves Le Traon},
 doi = {10.1145/3511598},
 number = {4},
 pages = {78:1-78:30},
 title = {An Empirical Study on Data Distribution-Aware Test Selection for Deep Learning Enhancement.},
 type = {Journal Articles},
 venue = {ACM Transactions on Software Engineering and Methodology},
 volume = {31},
 year = {2022}
}

@article{JaiPurSha22,
 author = {Ridhi Jain and Rahul Purandare and Subodh Sharma},
 doi = {10.1145/3498538},
 number = {4},
 pages = {58:1-58:29},
 title = {BiRD: Race Detection in Software Binaries under Relaxed Memory Models.},
 type = {Journal Articles},
 venue = {ACM Transactions on Software Engineering and Methodology},
 volume = {31},
 year = {2022}
}

@article{JobApe22,
 author = {Mitchell Joblin and Sven Apel},
 doi = {10.1145/3504003},
 number = {4},
 pages = {67:1-67:24},
 title = {How Do Successful and Failed Projects Differ? A Socio-Technical Analysis.},
 type = {Journal Articles},
 venue = {ACM Transactions on Software Engineering and Methodology},
 volume = {31},
 year = {2022}
}

@article{KapSod22,
 author = {Ritu Kapur and Balwinder Sodhi},
 doi = {10.1145/3485819},
 number = {2},
 pages = {33:1-33:35},
 title = {OSS Effort Estimation Using Software Features Similarity and Developer Activity-Based Metrics.},
 type = {Journal Articles},
 venue = {ACM Transactions on Software Engineering and Methodology},
 volume = {31},
 year = {2022}
}

@article{KelKabPle22,
 author = {Patrick Keller and Abdoul Kader Kaboré and Laura Plein and Jacques Klein and Yves Le Traon and Tegawendé F. Bissyandé},
 doi = {10.1145/3485135},
 number = {2},
 pages = {31:1-31:34},
 title = {What You See is What it Means! Semantic Representation Learning of Code based on Visualization and Transfer Learning.},
 type = {Journal Articles},
 venue = {ACM Transactions on Software Engineering and Methodology},
 volume = {31},
 year = {2022}
}

@article{KimJeoHon22,
 author = {Jinhan Kim and Juyoung Jeon and Shin Hong and Shin Yoo},
 doi = {10.1145/3510417},
 number = {4},
 pages = {73:1-73:27},
 title = {Predictive Mutation Analysis via the Natural Language Channel in Source Code.},
 type = {Journal Articles},
 venue = {ACM Transactions on Software Engineering and Methodology},
 volume = {31},
 year = {2022}
}

@article{LanRahFan22,
 author = {Kevin Lano and Shekoufeh Kolahdouz Rahimi and Shichao Fang},
 doi = {10.1145/3471907},
 number = {2},
 pages = {18:1-18:71},
 title = {Model Transformation Development Using Automated Requirements Analysis, Metamodel Matching, and Transformation by Example.},
 type = {Journal Articles},
 venue = {ACM Transactions on Software Engineering and Methodology},
 volume = {31},
 year = {2022}
}

@article{LauKorRoc22,
 author = {Henrich Lauko and Lukás Korencik and Petr Rockai},
 doi = {10.1145/3508363},
 number = {4},
 pages = {71:1-71:27},
 title = {Verification of Programs Sensitive to Heap Layout.},
 type = {Journal Articles},
 venue = {ACM Transactions on Software Engineering and Methodology},
 volume = {31},
 year = {2022}
}

@article{LiaLiSha22,
 author = {Lizhi Liao and Heng Li and Weiyi Shang and Lei Ma},
 doi = {10.1145/3506695},
 number = {3},
 pages = {53:1-53:40},
 title = {An Empirical Study of the Impact of Hyperparameter Tuning and Model Optimization on the Performance Properties of Deep Neural Networks.},
 type = {Journal Articles},
 venue = {ACM Transactions on Software Engineering and Methodology},
 volume = {31},
 year = {2022}
}

@article{LinCasSer22,
 author = {Bin Lin and Nathan Cassee and Alexander Serebrenik and Gabriele Bavota and Nicole Novielli and Michele Lanza},
 doi = {10.1145/3490388},
 number = {3},
 pages = {38:1-38:41},
 title = {Opinion Mining for Software Development: A Systematic Literature Review.},
 type = {Journal Articles},
 venue = {ACM Transactions on Software Engineering and Methodology},
 volume = {31},
 year = {2022}
}

@article{LinLiZha22,
 author = {Zehao Lin and Guodun Li and Jingfeng Zhang and Yue Deng and Xiangji Zeng and Yin Zhang and Yao Wan},
 doi = {10.1145/3506696},
 number = {3},
 pages = {52:1-52:44},
 title = {XCode: Towards Cross-Language Code Representation with Large-Scale Pre-Training.},
 type = {Journal Articles},
 venue = {ACM Transactions on Software Engineering and Methodology},
 volume = {31},
 year = {2022}
}

@article{LinWanWen22,
 author = {Bo Lin and Shangwen Wang and Ming Wen and Xiaoguang Mao},
 doi = {10.1145/3505247},
 number = {3},
 pages = {51:1-51:29},
 title = {Context-Aware Code Change Embedding for Better Patch Correctness Assessment.},
 type = {Journal Articles},
 venue = {ACM Transactions on Software Engineering and Methodology},
 volume = {31},
 year = {2022}
}

@article{Liu22,
 author = {Si Liu},
 doi = {10.1145/3494517},
 number = {3},
 pages = {43:1-43:44},
 title = {All in One: Design, Verification, and Implementation of SNOW-optimal Read Atomic Transactions.},
 type = {Journal Articles},
 venue = {ACM Transactions on Software Engineering and Methodology},
 volume = {31},
 year = {2022}
}

@article{LiuGaoXia22,
 author = {Chao Liu and Cuiyun Gao and Xin Xia and David Lo and John C. Grundy and Xiaohu Yang},
 doi = {10.1145/3477535},
 number = {1},
 pages = {15:1-15:46},
 title = {On the Reproducibility and Replicability of Deep Learning in Software Engineering.},
 type = {Journal Articles},
 venue = {ACM Transactions on Software Engineering and Methodology},
 volume = {31},
 year = {2022}
}

@article{LiuXiaLo22,
 author = {Chao Liu and Xin Xia and David Lo and Zhiwei Liu and Ahmed E. Hassan and Shanping Li},
 doi = {10.1145/3465403},
 number = {1},
 pages = {12:1-12:37},
 title = {CodeMatcher: Searching Code Based on Sequential Semantics of Important Query Words.},
 type = {Journal Articles},
 venue = {ACM Transactions on Software Engineering and Methodology},
 volume = {31},
 year = {2022}
}

@article{LyuRajLin22,
 author = {Yingzhe Lyu and Gopi Krishnan Rajbahadur and Dayi Lin and Boyuan Chen and Zhen Ming (Jack) Jiang},
 doi = {10.1145/3488269},
 number = {1},
 pages = {16:1-16:38},
 title = {Towards a Consistent Interpretation of AIOps Models.},
 type = {Journal Articles},
 venue = {ACM Transactions on Software Engineering and Methodology},
 volume = {31},
 year = {2022}
}

@article{MadNagBir22,
 author = {Chandra Shekhar Maddila and Nachiappan Nagappan and Christian Bird and Georgios Gousios and Arie van Deursen},
 doi = {10.1145/3478019},
 number = {2},
 pages = {22:1-22:26},
 title = {ConE: A Concurrent Edit Detection Tool for Large-scale Software Development.},
 type = {Journal Articles},
 venue = {ACM Transactions on Software Engineering and Methodology},
 volume = {31},
 year = {2022}
}

@article{MarBogFra22,
 author = {Silverio Martínez-Fernández and Justus Bogner and Xavier Franch and Marc Oriol and Julien Siebert and Adam Trendowicz and Anna Maria Vollmer and Stefan Wagner},
 doi = {10.1145/3487043},
 number = {2},
 pages = {37e:1-37e:59},
 title = {Software Engineering for AI-Based Systems: A Survey.},
 type = {Journal Articles},
 venue = {ACM Transactions on Software Engineering and Methodology},
 volume = {31},
 year = {2022}
}

@article{MarSen22,
 author = {Dusica Marijan and Sagar Sen},
 doi = {10.1145/3494519},
 number = {3},
 pages = {45:1-45:52},
 title = {Industry-Academia Research Collaboration and Knowledge Co-creation: Patterns and Anti-patterns.},
 type = {Journal Articles},
 venue = {ACM Transactions on Software Engineering and Methodology},
 volume = {31},
 year = {2022}
}

@article{MarZhaArc22,
 author = {Bogdan Marculescu and Man Zhang and Andrea Arcuri},
 doi = {10.1145/3491038},
 number = {3},
 pages = {41:1-41:43},
 title = {On the Faults Found in REST APIs by Automated Test Generation.},
 type = {Journal Articles},
 venue = {ACM Transactions on Software Engineering and Methodology},
 volume = {31},
 year = {2022}
}

@article{MasGarCal22,
 author = {Jhon Masso and Félix García and César Jesús Pardo Calvache and Francisco J. Pino and Mario Piattini},
 doi = {10.1145/3498539},
 number = {4},
 pages = {59:1-59:47},
 title = {A Common Terminology for Software Risk Management.},
 type = {Journal Articles},
 venue = {ACM Transactions on Software Engineering and Methodology},
 volume = {31},
 year = {2022}
}

@article{MeyAlmKel22,
 author = {Benjamin S. Meyers and Sultan Fahad Almassari and Brandon N. Keller and Andrew Meneely},
 doi = {10.1145/3514040},
 number = {3},
 pages = {55:1-55:25},
 title = {Examining Penetration Tester Behavior in the Collegiate Penetration Testing Competition.},
 type = {Journal Articles},
 venue = {ACM Transactions on Software Engineering and Methodology},
 volume = {31},
 year = {2022}
}

@article{NgoPasBri22,
 author = {Chanh Duc Ngo and Fabrizio Pastore and Lionel C. Briand},
 doi = {10.1145/3502297},
 number = {4},
 pages = {61:1-61:51},
 title = {Automated, Cost-effective, and Update-driven App Testing.},
 type = {Journal Articles},
 venue = {ACM Transactions on Software Engineering and Methodology},
 volume = {31},
 year = {2022}
}

@article{NikBraMor22,
 author = {Amin Nikanjam and Houssem Ben Braiek and Mohammad Mehdi Morovati and Foutse Khomh},
 doi = {10.1145/3470006},
 number = {1},
 pages = {14:1-14:27},
 title = {Automatic Fault Detection for Deep Learning Programs Using Graph Transformations.},
 type = {Journal Articles},
 venue = {ACM Transactions on Software Engineering and Methodology},
 volume = {31},
 year = {2022}
}

@article{NiXiaLo22,
 author = {Chao Ni and Xin Xia and David Lo and Xiaohu Yang and Ahmed E. Hassan},
 doi = {10.1145/3508479},
 number = {4},
 pages = {76:1-76:38},
 title = {Just-In-Time Defect Prediction on JavaScript Projects: A Replication Study.},
 type = {Journal Articles},
 venue = {ACM Transactions on Software Engineering and Methodology},
 volume = {31},
 year = {2022}
}

@article{OniLet22,
 author = {Olawole Oni and Emmanuel Letier},
 doi = {10.1145/3490487},
 number = {2},
 pages = {24:1-24:39},
 title = {Analyzing Uncertainty in Release Planning: A Method and Experiment for Fixed-Date Release Cycles.},
 type = {Journal Articles},
 venue = {ACM Transactions on Software Engineering and Methodology},
 volume = {31},
 year = {2022}
}

@article{PanLinZam22,
 author = {Jevgenija Pantiuchina and Bin Lin and Fiorella Zampetti and Massimiliano Di Penta and Michele Lanza and Gabriele Bavota},
 doi = {10.1145/3487062},
 number = {2},
 pages = {23:1-23:23},
 title = {Why Do Developers Reject Refactorings in Open-Source Projects?},
 type = {Journal Articles},
 venue = {ACM Transactions on Software Engineering and Methodology},
 volume = {31},
 year = {2022}
}

@article{ParKapHil22,
 author = {Owain Parry and Gregory M. Kapfhammer and Michael Hilton and Phil McMinn},
 doi = {10.1145/3476105},
 number = {1},
 pages = {17:1-17:74},
 title = {A Survey of Flaky Tests.},
 type = {Journal Articles},
 venue = {ACM Transactions on Software Engineering and Methodology},
 volume = {31},
 year = {2022}
}

@article{Pezzè22,
 author = {Mauro Pezzè},
 doi = {10.1145/3523278},
 number = {2},
 pages = {18e:1-18e:2},
 title = {Editorial: A Retrospective and Prospective Reflection.},
 type = {Journal Articles},
 venue = {ACM Transactions on Software Engineering and Methodology},
 volume = {31},
 year = {2022}
}

@article{PonSutArt22,
 author = {Daniel Barcelona Pons and Pierre Sutra and Marc Sánchez Artigas and Gerard París and Pedro García López},
 doi = {10.1145/3490386},
 number = {3},
 pages = {39:1-39:38},
 title = {Stateful Serverless Computing with Crucial.},
 type = {Journal Articles},
 venue = {ACM Transactions on Software Engineering and Methodology},
 volume = {31},
 year = {2022}
}

@article{RauPetTun22,
 author = {Irum Rauf and Marian Petre and Thein Tun and Tamara Lopez and Paul Lunn and Dirk van der Linden and John N. Towse and Helen Sharp and Mark Levine and Awais Rashid and Bashar Nuseibeh},
 doi = {10.1145/3471930},
 number = {1},
 pages = {9:1-9:52},
 title = {The Case for Adaptive Security Interventions.},
 type = {Journal Articles},
 venue = {ACM Transactions on Software Engineering and Methodology},
 volume = {31},
 year = {2022}
}

@article{RomMerCec22,
 author = {Andrea Romdhana and Alessio Merlo and Mariano Ceccato and Paolo Tonella},
 doi = {10.1145/3502868},
 number = {4},
 pages = {65:1-65:29},
 title = {Deep Reinforcement Learning for Black-box Testing of Android Apps.},
 type = {Journal Articles},
 venue = {ACM Transactions on Software Engineering and Methodology},
 volume = {31},
 year = {2022}
}

@article{SobMinBah22,
 author = {Dalia Sobhy and Leandro L. Minku and Rami Bahsoon and Rick Kazman},
 doi = {10.1145/3492762},
 number = {3},
 pages = {46:1-46:54},
 title = {Continuous and Proactive Software Architecture Evaluation: An IoT Case.},
 type = {Journal Articles},
 venue = {ACM Transactions on Software Engineering and Methodology},
 volume = {31},
 year = {2022}
}

@article{SteNicInv22,
 author = {Luca Di Stefano and Rocco De Nicola and Omar Inverso},
 doi = {10.1145/3490387},
 number = {3},
 pages = {37:1-37:41},
 title = {Verification of Distributed Systems via Sequential Emulation.},
 type = {Journal Articles},
 venue = {ACM Transactions on Software Engineering and Methodology},
 volume = {31},
 year = {2022}
}

@article{SunGonWnu22,
 author = {Anders Sundelin and Javier González-Huerta and Krzysztof Wnuk and Tony Gorschek},
 doi = {10.1145/3468504},
 number = {1},
 pages = {6:1-6:49},
 title = {Towards an Anatomy of Software Craftsmanship.},
 type = {Journal Articles},
 venue = {ACM Transactions on Software Engineering and Methodology},
 volume = {31},
 year = {2022}
}

@article{TiaLiPia22,
 author = {Haoye Tian and Yinghua Li and Weiguo Pian and Abdoul Kader Kaboré and Kui Liu and Andrew Habib and Jacques Klein and Tegawendé F. Bissyandé},
 doi = {10.1145/3511096},
 number = {4},
 pages = {77:1-77:30},
 title = {Predicting Patch Correctness Based on the Similarity of Failing Test Cases.},
 type = {Journal Articles},
 venue = {ACM Transactions on Software Engineering and Methodology},
 volume = {31},
 year = {2022}
}

@article{TraPomTuc22,
 author = {Luca Traini and Daniele Di Pompeo and Michele Tucci and Bin Lin and Simone Scalabrino and Gabriele Bavota and Michele Lanza and Rocco Oliveto and Vittorio Cortellessa},
 doi = {10.1145/3485136},
 number = {2},
 pages = {25:1-25:23},
 title = {How Software Refactoring Impacts Execution Time.},
 type = {Journal Articles},
 venue = {ACM Transactions on Software Engineering and Methodology},
 volume = {31},
 year = {2022}
}

@article{TriWieSar22,
 author = {Bianca Trinkenreich and Igor Wiese and Anita Sarma and Marco Aurélio Gerosa and Igor Steinmacher},
 doi = {10.1145/3510460},
 number = {4},
 pages = {81:1-81:37},
 title = {Women&apos;s Participation in Open Source Software: A Survey of the Literature.},
 type = {Journal Articles},
 venue = {ACM Transactions on Software Engineering and Methodology},
 volume = {31},
 year = {2022}
}

@article{UddGuéKho22,
 author = {Gias Uddin and Yann-Gaël Guéhéneuc and Foutse Khomh and Chanchal K. Roy},
 doi = {10.1145/3491211},
 number = {3},
 pages = {48:1-48:38},
 title = {An Empirical Study of the Effectiveness of an Ensemble of Stand-alone Sentiment Detection Tools for Software Engineering Datasets.},
 type = {Journal Articles},
 venue = {ACM Transactions on Software Engineering and Methodology},
 volume = {31},
 year = {2022}
}

@article{VogNeuFis22,
 author = {Birgit Vogel-Heuser and Eva-Maria Neumann and Juliane Fischer},
 doi = {10.1145/3467896},
 number = {1},
 pages = {5:1-5:24},
 title = {MICOSE4aPS: Industrially Applicable Maturity Metric to Improve Systematic Reuse of Control Software.},
 type = {Journal Articles},
 venue = {ACM Transactions on Software Engineering and Methodology},
 volume = {31},
 year = {2022}
}

@article{WanYanWan22,
 author = {Junjie Wang and Ye Yang and Song Wang and Jun Hu and Qing Wang},
 doi = {10.1145/3487571},
 number = {3},
 pages = {35:1-35:31},
 title = {Context- and Fairness-Aware In-Process Crowdworker Recommendation.},
 type = {Journal Articles},
 venue = {ACM Transactions on Software Engineering and Methodology},
 volume = {31},
 year = {2022}
}

@article{WatCooNad22,
 author = {Cody Watson and Nathan Cooper and David Nader-Palacio and Kevin Moran and Denys Poshyvanyk},
 doi = {10.1145/3485275},
 number = {2},
 pages = {32:1-32:58},
 title = {A Systematic Literature Review on the Use of Deep Learning in Software Engineering Research.},
 type = {Journal Articles},
 venue = {ACM Transactions on Software Engineering and Methodology},
 volume = {31},
 year = {2022}
}

@article{WilRenCar22,
 author = {Ryan Williams and Tongwei Ren and Lorenzo De Carli and Long Lu and Gillian Smith},
 doi = {10.1145/3487568},
 number = {2},
 pages = {28:1-28:25},
 title = {Guided Feature Identification and Removal for Resource-constrained Firmware.},
 type = {Journal Articles},
 venue = {ACM Transactions on Software Engineering and Methodology},
 volume = {31},
 year = {2022}
}

@article{WuWuZho22,
 author = {Siwei Wu and Lei Wu and Yajin Zhou and Runhuai Li and Zhi Wang and Xiapu Luo and Cong Wang and Kui Ren},
 doi = {10.1145/3505263},
 number = {3},
 pages = {54:1-54:33},
 title = {Time-travel Investigation: Toward Building a Scalable Attack Detection Framework on Ethereum.},
 type = {Journal Articles},
 venue = {ACM Transactions on Software Engineering and Methodology},
 volume = {31},
 year = {2022}
}

@article{XieLiWan22,
 author = {Xiaofei Xie and Tianlin Li and Jian Wang and Lei Ma and Qing Guo and Felix Juefei-Xu and Yang Liu},
 doi = {10.1145/3490489},
 number = {3},
 pages = {47:1-47:27},
 title = {NPC: Neuron Path Coverage via Characterizing Decision Logic of Deep Neural Networks.},
 type = {Journal Articles},
 venue = {ACM Transactions on Software Engineering and Methodology},
 volume = {31},
 year = {2022}
}

@article{XioWan22,
 author = {Yingfei Xiong and Bo Wang},
 doi = {10.1145/3487570},
 number = {3},
 pages = {34:1-34:45},
 title = {L2S: A Framework for Synthesizing the Most Probable Program under a Specification.},
 type = {Journal Articles},
 venue = {ACM Transactions on Software Engineering and Methodology},
 volume = {31},
 year = {2022}
}

@article{XuCheSun22,
 author = {Hui Xu and Zhuangbin Chen and Mingshen Sun and Yangfan Zhou and Michael R. Lyu},
 doi = {10.1145/3466642},
 number = {1},
 pages = {3:1-3:25},
 title = {Memory-Safety Challenge Considered Solved? An In-Depth Study with All Rust CVEs.},
 type = {Journal Articles},
 venue = {ACM Transactions on Software Engineering and Methodology},
 volume = {31},
 year = {2022}
}

@article{XuVasNeu22,
 author = {Frank F. Xu and Bogdan Vasilescu and Graham Neubig},
 doi = {10.1145/3487569},
 number = {2},
 pages = {29:1-29:47},
 title = {In-IDE Code Generation from Natural Language: Promise and Challenges.},
 type = {Journal Articles},
 venue = {ACM Transactions on Software Engineering and Methodology},
 volume = {31},
 year = {2022}
}

@article{YanXiaLo22,
 author = {Yanming Yang and Xin Xia and David Lo and Tingting Bi and John C. Grundy and Xiaohu Yang},
 doi = {10.1145/3503509},
 number = {3},
 pages = {56:1-56:72},
 title = {Predictive Models in Software Engineering: Challenges and Opportunities.},
 type = {Journal Articles},
 venue = {ACM Transactions on Software Engineering and Methodology},
 volume = {31},
 year = {2022}
}

@article{YanZhaPan22,
 author = {Wenhua Yang and Chong Zhang and Minxue Pan and Chang Xu and Yu Zhou and Zhiqiu Huang},
 doi = {10.1145/3494518},
 number = {3},
 pages = {44:1-44:29},
 title = {Do Developers Really Know How to Use Git Commands? A Large-scale Study Using Stack Overflow.},
 type = {Journal Articles},
 venue = {ACM Transactions on Software Engineering and Methodology},
 volume = {31},
 year = {2022}
}

@article{YuHuLi22,
 author = {Hao Yu and Xing Hu and Ge Li and Ying Li and Qianxiang Wang and Tao Xie},
 doi = {10.1145/3502852},
 number = {4},
 pages = {62:1-62:25},
 title = {Assessing and Improving an Evaluation Dataset for Detecting Semantic Code Clones via Deep Learning.},
 type = {Journal Articles},
 venue = {ACM Transactions on Software Engineering and Methodology},
 volume = {31},
 year = {2022}
}

@article{ZhaArc22,
 author = {Man Zhang and Andrea Arcuri},
 doi = {10.1145/3464940},
 number = {1},
 pages = {2:1-2:52},
 title = {Adaptive Hypermutation for Search-Based System Test Generation: A Study on REST APIs with EvoMaster.},
 type = {Journal Articles},
 venue = {ACM Transactions on Software Engineering and Methodology},
 volume = {31},
 year = {2022}
}

@article{ZhaFuLi22,
 author = {Huangzhao Zhang and Zhiyi Fu and Ge Li and Lei Ma and Zhehao Zhao and Hua&apos;an Yang and Yizhe Sun and Yang Liu and Zhi Jin},
 doi = {10.1145/3511887},
 number = {3},
 pages = {50:1-50:40},
 title = {Towards Robustness of Deep Program Processing Models - Detection, Estimation, and Enhancement.},
 type = {Journal Articles},
 venue = {ACM Transactions on Software Engineering and Methodology},
 volume = {31},
 year = {2022}
}

@article{ZhaLiuTan22,
 author = {Yuxia Zhang and Hui Liu and Xin Tan and Minghui Zhou and Zhi Jin and Jiaxin Zhu},
 doi = {10.1145/3510849},
 number = {4},
 pages = {75:1-75:24},
 title = {Turnover of Companies in OpenStack: Prevalence and Rationale.},
 type = {Journal Articles},
 venue = {ACM Transactions on Software Engineering and Methodology},
 volume = {31},
 year = {2022}
}

@article{ZhaSuLiu22,
 author = {Yu Zhao and Ting Su and Yang Liu and Wei Zheng and Xiaoxue Wu and Ramakanth Kavuluru and William G. J. Halfond and Tingting Yu},
 doi = {10.1145/3488244},
 number = {3},
 pages = {36:1-36:33},
 title = {ReCDroid+: Automated End-to-End Crash Reproduction from Bug Reports for Android Apps.},
 type = {Journal Articles},
 venue = {ACM Transactions on Software Engineering and Methodology},
 volume = {31},
 year = {2022}
}

@article{ZhaWanLiu22,
 author = {Peng Zhang and Yang Wang and Xutong Liu and Yanhui Li and Yibiao Yang and Ziyuan Wang and Xiaoyu Zhou and Lin Chen and Yuming Zhou},
 doi = {10.1145/3522578},
 number = {4},
 pages = {69:1-69:46},
 title = {Mutant Reduction Evaluation: What is There and What is Missing?},
 type = {Journal Articles},
 venue = {ACM Transactions on Software Engineering and Methodology},
 volume = {31},
 year = {2022}
}

@article{ZhoCheHao22,
 author = {Jianyi Zhou and Junjie Chen and Dan Hao},
 doi = {10.1145/3471906},
 number = {1},
 pages = {8:1-8:50},
 title = {Parallel Test Prioritization.},
 type = {Journal Articles},
 venue = {ACM Transactions on Software Engineering and Methodology},
 volume = {31},
 year = {2022}
}

@article{ZhoSioWan22,
 author = {Yaqin Zhou and Jing Kai Siow and Chenyu Wang and Shangqing Liu and Yang Liu},
 doi = {10.1145/3468854},
 number = {1},
 pages = {13:1-13:27},
 title = {SPI: Automated Identification of Security Patches via Commits.},
 type = {Journal Articles},
 venue = {ACM Transactions on Software Engineering and Methodology},
 volume = {31},
 year = {2022}
}

@article{ZhoZhaShe22,
 author = {Yu Zhou and Xiaoqing Zhang and Juanjuan Shen and Tingting Han and Taolue Chen and Harald C. Gall},
 doi = {10.1145/3501256},
 number = {4},
 pages = {60:1-60:30},
 title = {Adversarial Robustness of Deep Code Comment Generation.},
 type = {Journal Articles},
 venue = {ACM Transactions on Software Engineering and Methodology},
 volume = {31},
 year = {2022}
}

@article{ZouWanGao22,
 author = {Changwei Zou and Xudong Wang and Yaoqing Gao and Jingling Xue},
 doi = {10.1145/3494516},
 number = {2},
 pages = {35e:1-35e:37},
 title = {Buddy Stacks: Protecting Return Addresses with Efficient Thread-Local Storage and Runtime Re-Randomization.},
 type = {Journal Articles},
 venue = {ACM Transactions on Software Engineering and Methodology},
 volume = {31},
 year = {2022}
}

@article{ÇatYueAli22,
 author = {Ferhat Özgür Çatak and Tao Yue and Shaukat Ali},
 doi = {10.1145/3527451},
 number = {4},
 pages = {79:1-79:31},
 title = {Uncertainty-aware Prediction Validator in Deep Learning Models for Cyber-physical System Data.},
 type = {Journal Articles},
 venue = {ACM Transactions on Software Engineering and Methodology},
 volume = {31},
 year = {2022}
}
