@article{AbdRocDem22,
 author = {Mehrdad Abdi and Henrique Rocha and Serge Demeyer and Alexandre Bergel},
 doi = {10.1007/s10664-022-10169-8},
 number = {6},
 pages = {128},
 title = {Small-Amp: Test amplification in a dynamically typed language.},
 type = {Journal Articles},
 venue = {Empirical Software Engineering},
 volume = {27},
 year = {2022}
}

@article{AbiRahOpe22,
 author = {Mouna Abidi and Md. Saidur Rahman and Moses Openja and Foutse Khomh},
 doi = {10.1007/s10664-022-10161-2},
 number = {5},
 pages = {116},
 title = {Multi-language design smells: a backstage perspective.},
 type = {Journal Articles},
 venue = {Empirical Software Engineering},
 volume = {27},
 year = {2022}
}

@article{AktYil22,
 author = {Ethem Utku Aktas and Cemal Yilmaz},
 doi = {10.1007/s10664-022-10228-0},
 number = {7},
 pages = {181},
 title = {Using Screenshot Attachments in Issue Reports for Triaging.},
 type = {Journal Articles},
 venue = {Empirical Software Engineering},
 volume = {27},
 year = {2022}
}

@article{AlaKra22,
 author = {Adam Alami and Oliver Krancher},
 doi = {10.1007/s10664-022-10208-4},
 number = {7},
 pages = {165},
 title = {How Scrum adds value to achieving software quality?},
 type = {Journal Articles},
 venue = {Empirical Software Engineering},
 volume = {27},
 year = {2022}
}

@article{AliAbbMus22,
 author = {Sikandar Ali and Irshad Ahmed Abbasi and Elfatih Elmubarak Mustafa and Fazli Wahid and Jiwei Huang},
 doi = {10.1007/s10664-021-10044-y},
 number = {2},
 pages = {52},
 title = {Practitioner&apos;s view of the success factors for software outsourcing partnership formation: an empirical exploration.},
 type = {Journal Articles},
 venue = {Empirical Software Engineering},
 volume = {27},
 year = {2022}
}

@article{AlmGay22,
 author = {Hussein Almulla and Gregory Gay},
 doi = {10.1007/s10664-021-10048-8},
 number = {2},
 pages = {38},
 title = {Learning how to search: generating effective test cases through adaptive fitness function selection.},
 type = {Journal Articles},
 venue = {Empirical Software Engineering},
 volume = {27},
 year = {2022}
}

@article{AlvVasNog22,
 author = {Leonardo Fuchs Alves and Francisco J. S. Vasconcellos and Bruno Magalhães Nogueira},
 doi = {10.1007/s10664-021-10084-4},
 number = {5},
 pages = {105},
 title = {SeSG: a search string generator for Secondary Studies with hybrid search strategies using text mining.},
 type = {Journal Articles},
 venue = {Empirical Software Engineering},
 volume = {27},
 year = {2022}
}

@article{AléKarRos22,
 author = {Emil Alégroth and Kristian Karl and Helena Rosshagen and Tomas Helmfridsson and Nils Olsson},
 doi = {10.1007/s10664-022-10145-2},
 number = {5},
 pages = {103},
 title = {Practitioners&apos; best practices to Adopt, Use or Abandon Model-based Testing with Graphical models for Software-intensive Systems.},
 type = {Journal Articles},
 venue = {Empirical Software Engineering},
 volume = {27},
 year = {2022}
}

@article{AnaGreKeh22,
 author = {Sofia Ananieva and Sandra Greiner and Timo Kehrer and Jacob Krüger and Thomas Kühn and Lukas Linsbauer and Sten Grüner and Anne Koziolek and Henrik Lönn and S. Ramesh and Ralf H. Reussner},
 doi = {10.1007/s10664-021-10097-z},
 number = {5},
 pages = {101},
 title = {A conceptual model for unifying variability in space and time: Rationale, validation, and illustrative applications.},
 type = {Journal Articles},
 venue = {Empirical Software Engineering},
 volume = {27},
 year = {2022}
}

@article{AsaGas22,
 author = {Hafizul Asad and Ilir Gashi},
 doi = {10.1007/s10664-021-10046-w},
 number = {1},
 pages = {4},
 title = {Dynamical analysis of diversity in rule-based open source network intrusion detection systems.},
 type = {Journal Articles},
 venue = {Empirical Software Engineering},
 volume = {27},
 year = {2022}
}

@article{AssColCar22,
 author = {Wesley K. G. Assunção and Thelma Elita Colanzi and Luiz Carvalho and Alessandro Garcia and Juliana Alves Pereira and Maria Julia de Lima and Carlos Lucena},
 doi = {10.1007/s10664-021-10049-7},
 number = {2},
 pages = {51},
 title = {Analysis of a many-objective optimization approach for identifying microservices from legacy systems.},
 type = {Journal Articles},
 venue = {Empirical Software Engineering},
 volume = {27},
 year = {2022}
}

@article{AzuMatKam22,
 author = {Hideaki Azuma and Shinsuke Matsumoto and Yasutaka Kamei and Shinji Kusumoto},
 doi = {10.1007/s10664-021-10081-7},
 number = {2},
 pages = {49},
 title = {An empirical study on self-admitted technical debt in Dockerfiles.},
 type = {Journal Articles},
 venue = {Empirical Software Engineering},
 volume = {27},
 year = {2022}
}

@article{BalRal22,
 author = {Sebastian Baltes and Paul Ralph},
 doi = {10.1007/s10664-021-10072-8},
 number = {4},
 pages = {94},
 title = {Sampling in software engineering research: a critical review and guidelines.},
 type = {Journal Articles},
 venue = {Empirical Software Engineering},
 volume = {27},
 year = {2022}
}

@article{BasBeeLaz22,
 author = {Davide Basile and Maurice H. ter Beek and Sami Lazreg and Maxime Cordy and Axel Legay},
 doi = {10.1007/s10664-022-10149-y},
 number = {7},
 pages = {160},
 title = {Static detection of equivalent mutants in real-time model-based mutation testing.},
 type = {Journal Articles},
 venue = {Empirical Software Engineering},
 volume = {27},
 year = {2022}
}

@article{BasBri22,
 author = {Victor R. Basili and Lionel C. Briand},
 doi = {10.1007/s10664-021-10055-9},
 number = {1},
 pages = {6},
 title = {Reflections on the Empirical Software Engineering journal.},
 type = {Journal Articles},
 venue = {Empirical Software Engineering},
 volume = {27},
 year = {2022}
}

@article{BeeDamLie22,
 author = {Maurice H. ter Beek and Ferruccio Damiani and Michael Lienhardt and Franco Mazzanti and Luca Paolini},
 doi = {10.1007/s10664-020-09930-8},
 number = {1},
 pages = {10},
 title = {Efficient static analysis and verification of featured transition systems.},
 type = {Journal Articles},
 venue = {Empirical Software Engineering},
 volume = {27},
 year = {2022}
}

@article{BjaBerSve22,
 author = {Elizabeth Bjarnason and Baldvin Gislason Bern and Linda Svedberg},
 doi = {10.1007/s10664-021-10027-z},
 number = {2},
 pages = {36},
 title = {Inter-team communication in large-scale co-located software engineering: a case study.},
 type = {Journal Articles},
 venue = {Empirical Software Engineering},
 volume = {27},
 year = {2022}
}

@article{BokAle22,
 author = {Mahmoud A. Bokhari and Bradley Alexander},
 doi = {10.1007/s10664-022-10188-5},
 number = {6},
 pages = {155},
 title = {A Hybrid Distributed EA Approach for Energy Optimisation on Smartphones.},
 type = {Journal Articles},
 venue = {Empirical Software Engineering},
 volume = {27},
 year = {2022}
}

@article{BorKumNuc22,
 author = {Nemania Borovits and Indika Kumara and Dario Di Nucci and Parvathy Krishnan and Stefano Dalla Palma and Fabio Palomba and Damian A. Tamburri and Willem-Jan van den Heuvel},
 doi = {10.1007/s10664-022-10215-5},
 number = {7},
 pages = {178},
 title = {FindICI: Using machine learning to detect linguistic inconsistencies between code and natural language descriptions in infrastructure-as-code.},
 type = {Journal Articles},
 venue = {Empirical Software Engineering},
 volume = {27},
 year = {2022}
}

@article{BouElaBec22,
 author = {Sofien Boutaib and Maha Elarbi and Slim Bechikh and Fabio Palomba and Lamjed Ben Said},
 doi = {10.1007/s10664-022-10142-5},
 number = {6},
 pages = {124},
 title = {Handling uncertainty in SBSE: a possibilistic evolutionary approach for code smells detection.},
 type = {Journal Articles},
 venue = {Empirical Software Engineering},
 volume = {27},
 year = {2022}
}

@article{BraFriHol22,
 author = {Nick C. Bradley and Thomas Fritz and Reid Holmes},
 doi = {10.1007/s10664-022-10187-6},
 number = {7},
 pages = {175},
 title = {Sources of software development task friction.},
 type = {Journal Articles},
 venue = {Empirical Software Engineering},
 volume = {27},
 year = {2022}
}

@article{BraZai22,
 author = {Carolin E. Brandt and Andy Zaidman},
 doi = {10.1007/s10664-021-10094-2},
 number = {4},
 pages = {96},
 title = {Developer-centric test amplification.},
 type = {Journal Articles},
 venue = {Empirical Software Engineering},
 volume = {27},
 year = {2022}
}

@article{BusOpeNad22,
 author = {John Businge and Moses Openja and Sarah Nadi and Thorsten Berger},
 doi = {10.1007/s10664-021-10078-2},
 number = {2},
 pages = {54},
 title = {Reuse and maintenance practices among divergent forks in three software ecosystems.},
 type = {Journal Articles},
 venue = {Empirical Software Engineering},
 volume = {27},
 year = {2022}
}

@article{CalGerIaf22,
 author = {Fabio Calefato and Marco Aurélio Gerosa and Giuseppe Iaffaldano and Filippo Lanubile and Igor Steinmacher},
 doi = {10.1007/s10664-021-10012-6},
 number = {3},
 pages = {76},
 title = {Will you come back to contribute? Investigating the inactivity of OSS core developers in GitHub.},
 type = {Journal Articles},
 venue = {Empirical Software Engineering},
 volume = {27},
 year = {2022}
}

@article{CalKraPet22,
 author = {James Callan and Oliver Krauss and Justyna Petke and Federica Sarro},
 doi = {10.1007/s10664-022-10137-2},
 number = {5},
 pages = {113},
 title = {How do Android developers improve non-functional properties of software?},
 type = {Journal Articles},
 venue = {Empirical Software Engineering},
 volume = {27},
 year = {2022}
}

@article{CamRus22,
 author = {Matteo Camilli and Barbara Russo},
 doi = {10.1007/s10664-021-10088-0},
 number = {2},
 pages = {39},
 title = {Modeling Performance of Microservices Systems with Growth Theory.},
 type = {Journal Articles},
 venue = {Empirical Software Engineering},
 volume = {27},
 year = {2022}
}

@article{CasZamNov22,
 author = {Nathan Cassee and Fiorella Zampetti and Nicole Novielli and Alexander Serebrenik and Massimiliano Di Penta},
 doi = {10.1007/s10664-022-10183-w},
 number = {6},
 pages = {139},
 title = {Self-Admitted Technical Debt and comments&apos; polarity: an empirical study.},
 type = {Journal Articles},
 venue = {Empirical Software Engineering},
 volume = {27},
 year = {2022}
}

@article{CazFav22,
 author = {Walter Cazzola and Luca Favalli},
 doi = {10.1007/s10664-021-10074-6},
 number = {4},
 pages = {82},
 title = {Towards a recipe for language decomposition: quality assessment of language product lines.},
 type = {Journal Articles},
 venue = {Empirical Software Engineering},
 volume = {27},
 year = {2022}
}

@article{ChePenChe22,
 author = {Chi Chen and Xin Peng and Bihuan Chen and Jun Sun and Zhenchang Xing and Xin Wang and Wenyun Zhao},
 doi = {10.1007/s10664-021-10040-2},
 number = {1},
 pages = {15},
 title = {&quot;More Than Deep Learning&quot;: post-processing for API sequence recommendation.},
 type = {Journal Articles},
 venue = {Empirical Software Engineering},
 volume = {27},
 year = {2022}
}

@article{ChoHolZai22,
 author = {Shaiful Alam Chowdhury and Reid Holmes and Andy Zaidman and Rick Kazman},
 doi = {10.1007/s10664-022-10193-8},
 number = {6},
 pages = {158},
 title = {Revisiting the debate: Are code metrics useful for measuring maintenance effort?},
 type = {Journal Articles},
 venue = {Empirical Software Engineering},
 volume = {27},
 year = {2022}
}

@article{CroXieZah22,
 author = {Roland Croft and Yongzheng Xie and Mansooreh Zahedi and Muhammad Ali Babar and Christoph Treude},
 doi = {10.1007/s10664-021-10054-w},
 number = {1},
 pages = {27},
 title = {An empirical study of developers&apos; discussions about security challenges of different programming languages.},
 type = {Journal Articles},
 venue = {Empirical Software Engineering},
 volume = {27},
 year = {2022}
}

@article{DabLetPer22,
 author = {Jacek Dabrowski and Emmanuel Letier and Anna Perini and Angelo Susi},
 doi = {10.1007/s10664-021-10065-7},
 number = {2},
 pages = {43},
 title = {Analysing app reviews for software engineering: a systematic literature review.},
 type = {Journal Articles},
 venue = {Empirical Software Engineering},
 volume = {27},
 year = {2022}
}

@article{DabLetPer22a,
 author = {Jacek Dabrowski and Emmanuel Letier and Anna Perini and Angelo Susi},
 doi = {10.1007/s10664-022-10135-4},
 number = {2},
 pages = {58},
 title = {Correction to: Analysing app reviews for software engineering: a systematic literature review.},
 type = {Journal Articles},
 venue = {Empirical Software Engineering},
 volume = {27},
 year = {2022}
}

@article{DerDevZai22,
 author = {Pouria Derakhshanfar and Xavier Devroey and Andy Zaidman},
 doi = {10.1007/s10664-022-10155-0},
 number = {7},
 pages = {192},
 title = {Basic block coverage for search-based unit testing and crash reproduction.},
 type = {Journal Articles},
 venue = {Empirical Software Engineering},
 volume = {27},
 year = {2022}
}

@article{DinLiSha22,
 author = {Zishuo Ding and Heng Li and Weiyi Shang and Tse-Hsun Peter Chen},
 doi = {10.1007/s10664-022-10118-5},
 number = {3},
 pages = {63},
 title = {Can pre-trained code embeddings improve model performance? Revisiting the use of code embeddings in software engineering tasks.},
 type = {Journal Articles},
 venue = {Empirical Software Engineering},
 volume = {27},
 year = {2022}
}

@article{DomTubKun22,
 author = {James Dominic and Brock Tubre and Deborah Kunkel and Paige Rodeghero},
 doi = {10.1007/s10664-022-10196-5},
 number = {7},
 pages = {173},
 title = {The human experience of comprehending source code in virtual reality.},
 type = {Journal Articles},
 venue = {Empirical Software Engineering},
 volume = {27},
 year = {2022}
}

@article{DíaCon22,
 author = {Oscar Díaz and Jeremías P. Contell},
 doi = {10.1007/s10664-022-10204-8},
 number = {7},
 pages = {174},
 title = {Developing research questions in conversation with the literature: operationalization &amp; tool support.},
 type = {Journal Articles},
 venue = {Empirical Software Engineering},
 volume = {27},
 year = {2022}
}

@article{DíaMonMed22,
 author = {Oscar Díaz and Leticia Montalvillo and Raul Medeiros and Maider Azanza and Thomas Fogdal},
 doi = {10.1007/s10664-021-10101-6},
 number = {3},
 pages = {75},
 title = {Visualizing the customization endeavor in product-based-evolving software product lines: a case of action design research.},
 type = {Journal Articles},
 venue = {Empirical Software Engineering},
 volume = {27},
 year = {2022}
}

@article{EisCar22,
 author = {Nasir U. Eisty and Jeffrey C. Carver},
 doi = {10.1007/s10664-021-10053-x},
 number = {1},
 pages = {13},
 title = {Developers perception of peer code review in research software development.},
 type = {Journal Articles},
 venue = {Empirical Software Engineering},
 volume = {27},
 year = {2022}
}

@article{EisCar22a,
 author = {Nasir U. Eisty and Jeffrey C. Carver},
 doi = {10.1007/s10664-022-10184-9},
 number = {6},
 pages = {138},
 title = {Testing research software: a survey.},
 type = {Journal Articles},
 venue = {Empirical Software Engineering},
 volume = {27},
 year = {2022}
}

@article{EldZahShu22,
 author = {Sarah Elder and Nusrat Zahan and Rui Shu and Monica Metro and Valeri Kozarev and Tim Menzies and Laurie A. Williams},
 doi = {10.1007/s10664-022-10179-6},
 number = {6},
 pages = {154},
 title = {Do I really need all this work to find vulnerabilities?},
 type = {Journal Articles},
 venue = {Empirical Software Engineering},
 volume = {27},
 year = {2022}
}

@article{EscMazBed22,
 author = {Camilo Escobar-Velásquez and Alejandro Mazuera-Rozo and Claudia Bedoya and Michael Osorio-Riaño and Mario Linares-Vásquez and Gabriele Bavota},
 doi = {10.1007/s10664-021-10020-6},
 number = {1},
 pages = {22},
 title = {Studying eventual connectivity issues in Android apps.},
 type = {Journal Articles},
 venue = {Empirical Software Engineering},
 volume = {27},
 year = {2022}
}

@article{EveCadDon22,
 author = {Karine Even-Mendoza and Cristian Cadar and Alastair F. Donaldson},
 doi = {10.1007/s10664-022-10146-1},
 number = {6},
 pages = {129},
 title = {CsmithEdge: more effective compiler testing by handling undefined behaviour less conservatively.},
 type = {Journal Articles},
 venue = {Empirical Software Engineering},
 volume = {27},
 year = {2022}
}

@article{Feitelson22,
 author = {Dror G. Feitelson},
 doi = {10.1007/s10664-022-10160-3},
 number = {6},
 pages = {123},
 title = {Considerations and Pitfalls for Reducing Threats to the Validity of Controlled Experiments on Code Comprehension.},
 type = {Journal Articles},
 venue = {Empirical Software Engineering},
 volume = {27},
 year = {2022}
}

@article{FliChaDye22,
 author = {Samuel W. Flint and Jigyasa Chauhan and Robert Dyer},
 doi = {10.1007/s10664-022-10200-y},
 number = {7},
 pages = {194},
 title = {Pitfalls and guidelines for using time-based Git data.},
 type = {Journal Articles},
 venue = {Empirical Software Engineering},
 volume = {27},
 year = {2022}
}

@article{FloMorZha22,
 author = {Juan Manuel Florez and Laura Moreno and Zenong Zhang and Shiyi Wei and Andrian Marcus},
 doi = {10.1007/s10664-022-10175-w},
 number = {5},
 pages = {119},
 title = {An empirical study of data constraint implementations in Java.},
 type = {Journal Articles},
 venue = {Empirical Software Engineering},
 volume = {27},
 year = {2022}
}

@article{FouConMen22,
 author = {Armstrong Foundjem and Eleni Constantinou and Tom Mens and Bram Adams},
 doi = {10.1007/s10664-022-10167-w},
 number = {5},
 pages = {120},
 title = {A mixed-methods analysis of micro-collaborative coding practices in OpenStack.},
 type = {Journal Articles},
 venue = {Empirical Software Engineering},
 volume = {27},
 year = {2022}
}

@article{FrePetBac22,
 author = {Enrico Fregnan and Fernando Petrulio and Alberto Bacchelli},
 doi = {10.1007/s10664-022-10205-7},
 number = {7},
 pages = {177},
 title = {The evolution of the code during review: an investigation on review changes.},
 type = {Journal Articles},
 venue = {Empirical Software Engineering},
 volume = {27},
 year = {2022}
}

@article{FrePetGer22,
 author = {Enrico Fregnan and Fernando Petrulio and Linda Di Geronimo and Alberto Bacchelli},
 doi = {10.1007/s10664-021-10075-5},
 number = {4},
 pages = {89},
 title = {What happens in my code reviews? An investigation on automatically classifying review changes.},
 type = {Journal Articles},
 venue = {Empirical Software Engineering},
 volume = {27},
 year = {2022}
}

@article{GaoKuaMa22,
 author = {Hui Gao and Hongyu Kuang and Xiaoxing Ma and Hao Hu and Jian Lü and Patrick Mäder and Alexander Egyed},
 doi = {10.1007/s10664-021-10091-5},
 number = {2},
 pages = {41},
 title = {Propagating frugal user feedback through closeness of code dependencies to improve IR-based traceability recovery.},
 type = {Journal Articles},
 venue = {Empirical Software Engineering},
 volume = {27},
 year = {2022}
}

@article{GarDegJim22,
 author = {Aayush Garg and Renzo Degiovanni and Matthieu Jimenez and Maxime Cordy and Mike Papadakis and Yves Le Traon},
 doi = {10.1007/s10664-022-10197-4},
 number = {7},
 pages = {169},
 title = {Learning from what we know: How to perform vulnerability prediction using noisy historical data.},
 type = {Journal Articles},
 venue = {Empirical Software Engineering},
 volume = {27},
 year = {2022}
}

@article{GezTar22,
 author = {Bahar Gezici and Ayça Kolukisa Tarhan},
 doi = {10.1007/s10664-021-10105-2},
 number = {3},
 pages = {66},
 title = {Systematic literature review on software quality for AI-based software.},
 type = {Journal Articles},
 venue = {Empirical Software Engineering},
 volume = {27},
 year = {2022}
}

@article{GinMarMar22,
 author = {Davide Ginelli and Matias Martinez and Leonardo Mariani and Martin Monperrus},
 doi = {10.1007/s10664-021-10100-7},
 number = {4},
 pages = {97},
 title = {A comprehensive study of code-removal patches in automated program repair.},
 type = {Journal Articles},
 venue = {Empirical Software Engineering},
 volume = {27},
 year = {2022}
}

@article{GolKri22,
 author = {Nicolas E. Gold and Jens Krinke},
 doi = {10.1007/s10664-021-10057-7},
 number = {1},
 pages = {17},
 title = {Ethics in the mining of software repositories.},
 type = {Journal Articles},
 venue = {Empirical Software Engineering},
 volume = {27},
 year = {2022}
}

@article{GonFreBau22,
 author = {Pavlína Wurzel Gonçalves and Enrico Fregnan and Tobias Baum and Kurt Schneider and Alberto Bacchelli},
 doi = {10.1007/s10664-022-10123-8},
 number = {4},
 pages = {99},
 title = {Do explicit review strategies improve code review performance? Towards understanding the role of cognitive load.},
 type = {Journal Articles},
 venue = {Empirical Software Engineering},
 volume = {27},
 year = {2022}
}

@article{GreNucPal22,
 author = {Marianna Di Gregorio and Dario Di Nucci and Fabio Palomba and Giuliana Vitiello},
 doi = {10.1007/s10664-022-10182-x},
 number = {6},
 pages = {145},
 title = {The making of accessible Android applications: an empirical study on the state of the practice.},
 type = {Journal Articles},
 venue = {Empirical Software Engineering},
 volume = {27},
 year = {2022}
}

@article{HagGruAbd22,
 author = {Omar Haggag and John Grundy and Mohamed Abdelrazek and Sherif Haggag},
 doi = {10.1007/s10664-022-10222-6},
 number = {7},
 pages = {196},
 title = {A large scale analysis of mHealth app user reviews.},
 type = {Journal Articles},
 venue = {Empirical Software Engineering},
 volume = {27},
 year = {2022}
}

@article{HanMeh22,
 author = {Stefan Hanenberg and Nils Mehlhorn},
 doi = {10.1007/s10664-021-10077-3},
 number = {2},
 pages = {33},
 title = {Two N-of-1 self-trials on readability differences between anonymous inner classes (AICs) and lambda expressions (LEs) on Java code snippets.},
 type = {Journal Articles},
 venue = {Empirical Software Engineering},
 volume = {27},
 year = {2022}
}

@article{HanTahLia22,
 author = {Xiaofeng Han and Amjed Tahir and Peng Liang and Steve Counsell and Kelly Blincoe and Bing Li and Yajing Luo},
 doi = {10.1007/s10664-022-10178-7},
 number = {6},
 pages = {127},
 title = {Code smells detection via modern code review: a study of the OpenStack and Qt communities.},
 type = {Journal Articles},
 venue = {Empirical Software Engineering},
 volume = {27},
 year = {2022}
}

@article{HaqShiNej22,
 author = {Fitash Ul Haq and Donghwan Shin and Shiva Nejati and Lionel C. Briand},
 doi = {10.1007/s10664-022-10172-z},
 number = {6},
 pages = {141},
 title = {Correction to: Can Offline Testing of Deep Neural Networks Replace Their Online Testing?},
 type = {Journal Articles},
 venue = {Empirical Software Engineering},
 volume = {27},
 year = {2022}
}

@article{HarThuLo22,
 author = {Stefanus A. Haryono and Ferdian Thung and David Lo and Lingxiao Jiang and Julia Lawall and Hong Jin Kang and Lucas Serrano and Gilles Muller},
 doi = {10.1007/s10664-021-10096-0},
 number = {3},
 pages = {73},
 title = {AndroEvolve: automated Android API update with data flow analysis and variable denormalization.},
 type = {Journal Articles},
 venue = {Empirical Software Engineering},
 volume = {27},
 year = {2022}
}

@article{HatNovBal22,
 author = {Hideaki Hata and Nicole Novielli and Sebastian Baltes and Raula Gaikovina Kula and Christoph Treude},
 doi = {10.1007/s10664-021-10058-6},
 number = {1},
 pages = {3},
 title = {GitHub Discussions: An exploratory study of early adoption.},
 type = {Journal Articles},
 venue = {Empirical Software Engineering},
 volume = {27},
 year = {2022}
}

@article{HejBelTri22,
 author = {Joseph Hejderup and Moritz Beller and Konstantinos Triantafyllou and Georgios Gousios},
 doi = {10.1007/s10664-021-10071-9},
 number = {5},
 pages = {102},
 title = {Präzi: from package-based to call-based dependency networks.},
 type = {Journal Articles},
 venue = {Empirical Software Engineering},
 volume = {27},
 year = {2022}
}

@article{HenHas22,
 author = {Sören Henning and Wilhelm Hasselbring},
 doi = {10.1007/s10664-022-10162-1},
 number = {6},
 pages = {143},
 title = {A configurable method for benchmarking scalability of cloud-native applications.},
 type = {Journal Articles},
 venue = {Empirical Software Engineering},
 volume = {27},
 year = {2022}
}

@article{HerFerGal22,
 author = {Ruben Heradio and David Fernández-Amorós and José A. Galindo and David Benavides and Don S. Batory},
 doi = {10.1007/s10664-021-10102-5},
 number = {2},
 pages = {44},
 title = {Uniform and scalable sampling of highly configurable systems.},
 type = {Journal Articles},
 venue = {Empirical Software Engineering},
 volume = {27},
 year = {2022}
}

@article{HerFerGal22a,
 author = {Ruben Heradio and David Fernández-Amorós and José A. Galindo and David Benavides and Don S. Batory},
 doi = {10.1007/s10664-022-10141-6},
 number = {2},
 pages = {57},
 title = {Correction to: Uniform and scalable sampling of highly configurable systems.},
 type = {Journal Articles},
 venue = {Empirical Software Engineering},
 volume = {27},
 year = {2022}
}

@article{HerHaa22,
 author = {Steffen Herbold and Tobias Haar},
 doi = {10.1007/s10664-021-10073-7},
 number = {2},
 pages = {45},
 title = {Smoke testing for machine learning: simple tests to discover severe bugs.},
 type = {Journal Articles},
 venue = {Empirical Software Engineering},
 volume = {27},
 year = {2022}
}

@article{HerTraLed22,
 author = {Steffen Herbold and Alexander Trautsch and Benjamin Ledel and Alireza Aghamohammadi and Taher Ahmed Ghaleb and Kuljit Kaur Chahal and Tim Bossenmaier and Bhaveet Nagaria and Philip Makedonski and Matin Nili Ahmadabadi and Kristof Szabados and Helge Spieker and Matej Madeja and Nathaniel Hoy and Valentina Lenarduzzi and Shangwen Wang and Gema Rodríguez-Pérez and Ricardo Colomo Palacios and Roberto Verdecchia and Paramvir Singh and Yihao Qin and Debasish Chakroborti and Willard Davis and Vijay Walunj and Hongjun Wu and Diego Marcilio and Omar Alam and Abdullah Aldaeej and Idan Amit and Burak Turhan and Simon Eismann and Anna-Katharina Wickert and Ivano Malavolta and Matús Sulír and Fatemeh H. Fard and Austin Z. Henley and Stratos Kourtzanidis and Eray Tuzun and Christoph Treude and Simin Maleki Shamasbi and Ivan Pashchenko and Marvin Wyrich and James Davis and Alexander Serebrenik and Ella Albrecht and Ethem Utku Aktas and Daniel Strüber and Johannes Erbel},
 doi = {10.1007/s10664-021-10083-5},
 number = {6},
 pages = {125},
 title = {A fine-grained data set and analysis of tangling in bug fixing commits.},
 type = {Journal Articles},
 venue = {Empirical Software Engineering},
 volume = {27},
 year = {2022}
}

@article{HerTraTra22,
 author = {Steffen Herbold and Alexander Trautsch and Fabian Trautsch and Benjamin Ledel},
 doi = {10.1007/s10664-021-10092-4},
 number = {2},
 pages = {42},
 title = {Problems with SZZ and features: An empirical study of the state of practice of defect prediction data collection.},
 type = {Journal Articles},
 venue = {Empirical Software Engineering},
 volume = {27},
 year = {2022}
}

@article{HofUrqCha22,
 author = {Benjamin Hoffmann and Neil Urquhart and Kevin Chalmers and Michael Guckert},
 doi = {10.1007/s10664-022-10210-w},
 number = {7},
 pages = {180},
 title = {An empirical evaluation of a novel domain-specific language - modelling vehicle routing problems with Athos.},
 type = {Journal Articles},
 venue = {Empirical Software Engineering},
 volume = {27},
 year = {2022}
}

@article{HorBesVan22,
 author = {Ferenc Horváth and Árpád Beszédes and Béla Vancsics and Gergõ Balogh and László Vidács and Tibor Gyimóthy},
 doi = {10.1007/s10664-022-10190-x},
 number = {6},
 pages = {150},
 title = {Using contextual knowledge in interactive fault localization.},
 type = {Journal Articles},
 venue = {Empirical Software Engineering},
 volume = {27},
 year = {2022}
}

@article{HuaCheXu22,
 author = {Kaifeng Huang and Bihuan Chen and Congying Xu and Ying Wang and Bowen Shi and Xin Peng and Yijian Wu and Yang Liu},
 doi = {10.1007/s10664-022-10131-8},
 number = {4},
 pages = {90},
 title = {Characterizing usages, updates and risks of third-party libraries in Java projects.},
 type = {Journal Articles},
 venue = {Empirical Software Engineering},
 volume = {27},
 year = {2022}
}

@article{HuaLiaChe22,
 author = {Yuan Huang and Xingjian Liang and Zhihao Chen and Nan Jia and Xiapu Luo and Xiangping Chen and Zibin Zheng and Xiaocong Zhou},
 doi = {10.1007/s10664-021-10035-z},
 number = {1},
 pages = {7},
 title = {Reviewing rounds prediction for code patches.},
 type = {Journal Articles},
 venue = {Empirical Software Engineering},
 volume = {27},
 year = {2022}
}

@article{HuWonKuh22,
 author = {Linghuan Hu and W. Eric Wong and D. Richard Kuhn and Raghu N. Kacker and Shuo Li},
 doi = {10.1007/s10664-021-10017-1},
 number = {2},
 pages = {32},
 title = {CT-IoT: a combinatorial testing-based path selection framework for effective IoT testing.},
 type = {Journal Articles},
 venue = {Empirical Software Engineering},
 volume = {27},
 year = {2022}
}

@article{HöpHaaTic22,
 author = {Stefan Höppner and Yves Haas and Matthias Tichy and Katharina Juhnke},
 doi = {10.1007/s10664-022-10194-7},
 number = {6},
 pages = {159},
 title = {Advantages and disadvantages of (dedicated) model transformation languages.},
 type = {Journal Articles},
 venue = {Empirical Software Engineering},
 volume = {27},
 year = {2022}
}

@article{IzaAkbHey22,
 author = {Maliheh Izadi and Kiana Akbari and Abbas Heydarnoori},
 doi = {10.1007/s10664-021-10085-3},
 number = {2},
 pages = {50},
 title = {Predicting the objective and priority of issue reports in software repositories.},
 type = {Journal Articles},
 venue = {Empirical Software Engineering},
 volume = {27},
 year = {2022}
}

@article{IzqCab22,
 author = {Javier Luis Cánovas Izquierdo and Jordi Cabot},
 doi = {10.1007/s10664-021-10061-x},
 number = {1},
 pages = {18},
 title = {On the analysis of non-coding roles in open source development.},
 type = {Journal Articles},
 venue = {Empirical Software Engineering},
 volume = {27},
 year = {2022}
}

@article{JebRahKho22,
 author = {Hadhemi Jebnoun and Md. Saidur Rahman and Foutse Khomh and Biruk Asmare Muse},
 doi = {10.1007/s10664-021-10099-x},
 number = {4},
 pages = {84},
 title = {Clones in deep learning code: what, where, and why?},
 type = {Journal Articles},
 venue = {Empirical Software Engineering},
 volume = {27},
 year = {2022}
}

@article{Jr22,
 author = {Frolin S. Ocariza Jr.},
 doi = {10.1007/s10664-022-10152-3},
 number = {4},
 pages = {95},
 title = {On the Effectiveness of Bisection in Performance Regression Localization.},
 type = {Journal Articles},
 venue = {Empirical Software Engineering},
 volume = {27},
 year = {2022}
}

@article{JúnMarSan22,
 author = {Ivaldir de Farias Júnior and Sabrina Marczak and Rodrigo Pereira dos Santos and Cleyton M. O. Rodrigues and Hermano P. de Moura},
 doi = {10.1007/s10664-022-10211-9},
 number = {7},
 pages = {188},
 title = {C2M: a maturity model for the evaluation of communication in distributed software development.},
 type = {Journal Articles},
 venue = {Empirical Software Engineering},
 volume = {27},
 year = {2022}
}

@article{KarMilHer22,
 author = {Saso Karakatic and Aleksej Milosevic and Tjasa Hericko},
 doi = {10.1007/s10664-022-10122-9},
 number = {3},
 pages = {70},
 title = {Software system comparison with semantic source code embeddings.},
 type = {Journal Articles},
 venue = {Empirical Software Engineering},
 volume = {27},
 year = {2022}
}

@article{KloGorSun22,
 author = {Eriks Klotins and Tony Gorschek and Katarina Sundelin and Erik Falk},
 doi = {10.1007/s10664-022-10191-w},
 number = {6},
 pages = {157},
 title = {Towards cost-benefit evaluation for continuous software engineering activities.},
 type = {Journal Articles},
 venue = {Empirical Software Engineering},
 volume = {27},
 year = {2022}
}

@article{KonKasKam22,
 author = {Masanari Kondo and Yutaro Kashiwa and Yasutaka Kamei and Osamu Mizuno},
 doi = {10.1007/s10664-022-10120-x},
 number = {6},
 pages = {136},
 title = {An empirical study of issue-link algorithms: which issue-link algorithms should we use?},
 type = {Journal Articles},
 venue = {Empirical Software Engineering},
 volume = {27},
 year = {2022}
}

@article{KröFlöGer22,
 author = {Christian Kröher and Moritz Flöter and Lea Gerling and Klaus Schmid},
 doi = {10.1007/s10664-021-10090-6},
 number = {3},
 pages = {68},
 title = {Incremental software product line verification - A performance analysis with dead variable code.},
 type = {Journal Articles},
 venue = {Empirical Software Engineering},
 volume = {27},
 year = {2022}
}

@article{LamChe22,
 author = {Yassine Lamine and Jinghui Cheng},
 doi = {10.1007/s10664-022-10181-y},
 number = {6},
 pages = {146},
 title = {Understanding and supporting the design systems practice.},
 type = {Journal Articles},
 venue = {Empirical Software Engineering},
 volume = {27},
 year = {2022}
}

@article{LavMor22,
 author = {Luigi Lavazza and Sandro Morasca},
 doi = {10.1007/s10664-022-10199-2},
 number = {7},
 pages = {185},
 title = {Comparing ϕ and the F-measure as performance metrics for software-related classifications.},
 type = {Journal Articles},
 venue = {Empirical Software Engineering},
 volume = {27},
 year = {2022}
}

@article{LeeChe22,
 author = {Jung-Chieh Lee and Chung-Yang Chen},
 doi = {10.1007/s10664-022-10225-3},
 number = {7},
 pages = {183},
 title = {Motivating members&apos; involvement to effectually conduct collaborative software process tailoring.},
 type = {Journal Articles},
 venue = {Empirical Software Engineering},
 volume = {27},
 year = {2022}
}

@article{LeeShiNej22,
 author = {Jaekwon Lee and Seung Yeob Shin and Shiva Nejati and Lionel C. Briand},
 doi = {10.1007/s10664-022-10170-1},
 number = {6},
 pages = {142},
 title = {Optimal priority assignment for real-time systems: a coevolution-based approach.},
 type = {Journal Articles},
 venue = {Empirical Software Engineering},
 volume = {27},
 year = {2022}
}

@article{LiaHanLi22,
 author = {Hongliang Liang and Dengji Hang and Xiangyu Li},
 doi = {10.1007/s10664-022-10237-z},
 number = {7},
 pages = {186},
 title = {Modeling function-level interactions for file-level bug localization.},
 type = {Journal Articles},
 venue = {Empirical Software Engineering},
 volume = {27},
 year = {2022}
}

@article{LiLiMin22,
 author = {Wei Li and Qingan Li and Yunlong Ming and Weijiao Dai and Shi Ying and Mengting Yuan},
 doi = {10.1007/s10664-021-10082-6},
 number = {2},
 pages = {47},
 title = {An empirical study of the effectiveness of IR-based bug localization for large-scale industrial projects.},
 type = {Journal Articles},
 venue = {Empirical Software Engineering},
 volume = {27},
 year = {2022}
}

@article{LiLuZha22,
 author = {Zhaoxuan Li and Siqi Lu and Rui Zhang and Rui Xue and Wenqiu Ma and Rujin Liang and Ziming Zhao and Sheng Gao},
 doi = {10.1007/s10664-022-10218-2},
 number = {7},
 pages = {197},
 title = {SmartFast: an accurate and robust formal analysis tool for Ethereum smart contracts.},
 type = {Journal Articles},
 venue = {Empirical Software Engineering},
 volume = {27},
 year = {2022}
}

@article{LimMenVer22,
 author = {Jackson A. Prado Lima and Willian D. F. Mendonça and Silvia R. Vergilio and Wesley K. G. Assunção},
 doi = {10.1007/s10664-021-10093-3},
 number = {6},
 pages = {133},
 title = {Cost-effective learning-based strategies for test case prioritization in continuous integration of highly-configurable software.},
 type = {Journal Articles},
 venue = {Empirical Software Engineering},
 volume = {27},
 year = {2022}
}

@article{LinLiuCle22,
 author = {Jinfeng Lin and Yalin Liu and Jane Cleland-Huang},
 doi = {10.1007/s10664-021-10050-0},
 number = {1},
 pages = {5},
 title = {Information retrieval versus deep learning approaches for generating traceability links in bilingual projects.},
 type = {Journal Articles},
 venue = {Empirical Software Engineering},
 volume = {27},
 year = {2022}
}

@article{LinZhaAda22,
 author = {Jiahuei Lin and Haoxiang Zhang and Bram Adams and Ahmed E. Hassan},
 doi = {10.1007/s10664-022-10173-y},
 number = {6},
 pages = {134},
 title = {Upstream bug management in Linux distributions.},
 type = {Journal Articles},
 venue = {Empirical Software Engineering},
 volume = {27},
 year = {2022}
}

@article{LiPenXia22,
 author = {Bowen Li and Xin Peng and Qilin Xiang and Hanzhang Wang and Tao Xie and Jun Sun and Xuanzhe Liu},
 doi = {10.1007/s10664-021-10063-9},
 number = {1},
 pages = {25},
 title = {Enjoy your observability: an industrial survey of microservice tracing and analysis.},
 type = {Journal Articles},
 venue = {Empirical Software Engineering},
 volume = {27},
 year = {2022}
}

@article{LiSolAvg22,
 author = {Yikun Li and Mohamed Soliman and Paris Avgeriou},
 doi = {10.1007/s10664-022-10128-3},
 number = {6},
 pages = {131},
 title = {Identifying self-admitted technical debt in issue tracking systems using machine learning.},
 type = {Journal Articles},
 venue = {Empirical Software Engineering},
 volume = {27},
 year = {2022}
}

@article{LiuLiWei22,
 author = {Fang Liu and Ge Li and Bolin Wei and Xin Xia and Zhiyi Fu and Zhi Jin},
 doi = {10.1007/s10664-022-10140-7},
 number = {4},
 pages = {91},
 title = {A unified multi-task learning model for AST-level and token-level code completion.},
 type = {Journal Articles},
 venue = {Empirical Software Engineering},
 volume = {27},
 year = {2022}
}

@article{LiuZhaXia22,
 author = {Jiakun Liu and Haoxiang Zhang and Xin Xia and David Lo and Ying Zou and Ahmed E. Hassan and Shanping Li},
 doi = {10.1007/s10664-021-10028-y},
 number = {1},
 pages = {19},
 title = {An exploratory study on the repeatedly shared external links on Stack Overflow.},
 type = {Journal Articles},
 venue = {Empirical Software Engineering},
 volume = {27},
 year = {2022}
}

@article{LiWanWan22,
 author = {Yi Li and Shaohua Wang and Wenbo Wang and Tien N. Nguyen and Yan Wang and Xinyue Ye},
 doi = {10.1007/s10664-021-10067-5},
 number = {1},
 pages = {23},
 title = {Rap4DQ: Learning to recommend relevant API documentation for developer questions.},
 type = {Journal Articles},
 venue = {Empirical Software Engineering},
 volume = {27},
 year = {2022}
}

@article{LiWuMa22,
 author = {Zhuo Li and Yuechen Wu and Lei Ma and Xiaofei Xie and Yingfeng Chen and Changjie Fan},
 doi = {10.1007/s10664-022-10158-x},
 number = {6},
 pages = {140},
 title = {GBGallery : A benchmark and framework for game testing.},
 type = {Journal Articles},
 venue = {Empirical Software Engineering},
 volume = {27},
 year = {2022}
}

@article{LomMorLen22,
 author = {Francesco Lomio and Sergio Moreschini and Valentina Lenarduzzi},
 doi = {10.1007/s10664-022-10164-z},
 number = {7},
 pages = {189},
 title = {A machine and deep learning analysis among SonarQube rules, product, and process metrics for fault prediction.},
 type = {Journal Articles},
 venue = {Empirical Software Engineering},
 volume = {27},
 year = {2022}
}

@article{LopHor22,
 author = {Mateus Lopes and André C. Hora},
 doi = {10.1007/s10664-022-10144-3},
 number = {5},
 pages = {115},
 title = {How and why we end up with complex methods: a multi-language study.},
 type = {Journal Articles},
 venue = {Empirical Software Engineering},
 volume = {27},
 year = {2022}
}

@article{LorMadMon22,
 author = {Benjamin Loriot and Fernanda Madeiral and Martin Monperrus},
 doi = {10.1007/s10664-021-10107-0},
 number = {6},
 pages = {149},
 title = {Styler: learning formatting conventions to repair Checkstyle violations.},
 type = {Journal Articles},
 venue = {Empirical Software Engineering},
 volume = {27},
 year = {2022}
}

@article{LuoPauPis22,
 author = {Linghui Luo and Felix Pauck and Goran Piskachev and Manuel Benz and Ivan Pashchenko and Martin Mory and Eric Bodden and Ben Hermann and Fabio Massacci},
 doi = {10.1007/s10664-021-10013-5},
 number = {1},
 pages = {16},
 title = {TaintBench: Automatic real-world malware benchmarking of Android taint analyses.},
 type = {Journal Articles},
 venue = {Empirical Software Engineering},
 volume = {27},
 year = {2022}
}

@article{MaeGalGor22,
 author = {Michel Maes-Bermejo and Micael Gallego and Francisco Gortázar and Gregorio Robles and Jesús M. González-Barahona},
 doi = {10.1007/s10664-022-10117-6},
 number = {3},
 pages = {65},
 title = {Revisiting the building of past snapshots - a replication and reproduction study.},
 type = {Journal Articles},
 venue = {Empirical Software Engineering},
 volume = {27},
 year = {2022}
}

@article{MahDeyNol22,
 author = {Ahmed Samir Imam Mahmoud and Tapajit Dey and Alexander Nolte and Audris Mockus and James D. Herbsleb},
 doi = {10.1007/s10664-022-10201-x},
 number = {7},
 pages = {167},
 title = {One-off events? An empirical study of hackathon code creation and reuse.},
 type = {Journal Articles},
 venue = {Empirical Software Engineering},
 volume = {27},
 year = {2022}
}

@article{MahErnTon22,
 author = {Alvi Mahadi and Neil A. Ernst and Karan Tongay},
 doi = {10.1007/s10664-021-10009-1},
 number = {1},
 pages = {9},
 title = {Conclusion stability for natural language based mining of design discussions.},
 type = {Journal Articles},
 venue = {Empirical Software Engineering},
 volume = {27},
 year = {2022}
}

@article{MahStrAnj22,
 author = {Wardah Mahmood and Daniel Strüber and Anthony Anjorin and Thorsten Berger},
 doi = {10.1007/s10664-021-10112-3},
 number = {3},
 pages = {72},
 title = {Effects of variability in models: a family of experiments.},
 type = {Journal Articles},
 venue = {Empirical Software Engineering},
 volume = {27},
 year = {2022}
}

@article{MajModMen22,
 author = {Suvodeep Majumder and Pranav Mody and Tim Menzies},
 doi = {10.1007/s10664-021-10068-4},
 number = {3},
 pages = {60},
 title = {Revisiting process versus product metrics: a large scale analysis.},
 type = {Journal Articles},
 venue = {Empirical Software Engineering},
 volume = {27},
 year = {2022}
}

@article{MarKesVer22,
 author = {Thainá Mariani and Marouane Kessentini and Silvia Regina Vergilio},
 doi = {10.1007/s10664-022-10151-4},
 number = {5},
 pages = {110},
 title = {Generation of refactoring algorithms by grammatical evolution.},
 type = {Journal Articles},
 venue = {Empirical Software Engineering},
 volume = {27},
 year = {2022}
}

@article{MarLarBer22,
 author = {Henrique Marques and Nuno Laranjeiro and Jorge Bernardino},
 doi = {10.1007/s10664-021-10047-9},
 number = {1},
 pages = {20},
 title = {Injecting software faults in Python applications.},
 type = {Journal Articles},
 venue = {Empirical Software Engineering},
 volume = {27},
 year = {2022}
}

@article{MelNun22,
 author = {Rômulo Manciola Meloca and Ingrid Nunes},
 doi = {10.1007/s10664-021-10089-z},
 number = {4},
 pages = {88},
 title = {A comparative study of application-level caching recommendations at the method level.},
 type = {Journal Articles},
 venue = {Empirical Software Engineering},
 volume = {27},
 year = {2022}
}

@article{MicObeAss22,
 author = {Gabriela Karoline Michelon and David Obermann and Wesley K. G. Assunção and Lukas Linsbauer and Paul Grünbacher and Stefan Fischer and Roberto E. Lopez-Herrejon and Alexander Egyed},
 doi = {10.1007/s10664-021-10108-z},
 number = {5},
 pages = {112},
 title = {Evolving software system families in space and time with feature revisions.},
 type = {Journal Articles},
 venue = {Empirical Software Engineering},
 volume = {27},
 year = {2022}
}

@article{MonRahRoy22,
 author = {Saikat Mondal and Mohammad Masudur Rahman and Chanchal K. Roy and Kevin A. Schneider},
 doi = {10.1007/s10664-021-10113-2},
 number = {3},
 pages = {62},
 title = {The reproducibility of programming-related issues in Stack Overflow questions.},
 type = {Journal Articles},
 venue = {Empirical Software Engineering},
 volume = {27},
 year = {2022}
}

@article{MorAssMar22,
 author = {Rodrigo André Ferreira Moreira and Wesley K. G. Assunção and Jabier Martinez and Eduardo Figueiredo},
 doi = {10.1007/s10664-021-10104-3},
 number = {4},
 pages = {85},
 title = {Open-source software product line extraction processes: the ArgoUML-SPL and Phaser cases.},
 type = {Journal Articles},
 venue = {Empirical Software Engineering},
 volume = {27},
 year = {2022}
}

@article{MusNagCle22,
 author = {Biruk Asmare Muse and Csaba Nagy and Anthony Cleve and Foutse Khomh and Giuliano Antoniol},
 doi = {10.1007/s10664-022-10119-4},
 number = {6},
 pages = {130},
 title = {FIXME: synchronize with database! An empirical study of data access self-admitted technical debt.},
 type = {Journal Articles},
 venue = {Empirical Software Engineering},
 volume = {27},
 year = {2022}
}

@article{NaeAla22,
 author = {Hajra Naeem and Manar H. Alalfi},
 doi = {10.1007/s10664-022-10157-y},
 number = {6},
 pages = {137},
 title = {Predicting sensitive information leakage in IoT applications using flows-aware machine learning approach.},
 type = {Journal Articles},
 venue = {Empirical Software Engineering},
 volume = {27},
 year = {2022}
}

@article{NamNasMes22,
 author = {Marjane Namavar and Noor Nashid and Ali Mesbah},
 doi = {10.1007/s10664-022-10223-5},
 number = {7},
 pages = {190},
 title = {A controlled experiment of different code representations for learning-based program repair.},
 type = {Journal Articles},
 venue = {Empirical Software Engineering},
 volume = {27},
 year = {2022}
}

@article{Natella22,
 author = {Roberto Natella},
 doi = {10.1007/s10664-022-10233-3},
 number = {7},
 pages = {191},
 title = {StateAFL: Greybox fuzzing for stateful network servers.},
 type = {Journal Articles},
 venue = {Empirical Software Engineering},
 volume = {27},
 year = {2022}
}

@article{NoeLyo22,
 author = {Ehsan Noei and Kelly A. Lyons},
 doi = {10.1007/s10664-021-10080-8},
 number = {2},
 pages = {34},
 title = {A study of gender in user reviews on the Google Play Store.},
 type = {Journal Articles},
 venue = {Empirical Software Engineering},
 volume = {27},
 year = {2022}
}

@article{OchDegFal22,
 author = {Lina Ochoa and Thomas Degueule and Jean-Rémy Falleri and Jurgen J. Vinju},
 doi = {10.1007/s10664-021-10052-y},
 number = {3},
 pages = {61},
 title = {Breaking bad? Semantic versioning and impact of breaking changes in Maven Central.},
 type = {Journal Articles},
 venue = {Empirical Software Engineering},
 volume = {27},
 year = {2022}
}

@article{OjdMaLau22,
 author = {Milos Ojdanic and Wei Ma and Thomas Laurent and Thierry Titcheu Chekam and Anthony Ventresque and Mike Papadakis},
 doi = {10.1007/s10664-022-10138-1},
 number = {5},
 pages = {114},
 title = {On the use of commit-relevant mutants.},
 type = {Journal Articles},
 venue = {Empirical Software Engineering},
 volume = {27},
 year = {2022}
}

@article{OliAssGar22,
 author = {Daniel Oliveira and Wesley K. G. Assunção and Alessandro Garcia and Baldoino Fonseca and Márcio Ribeiro},
 doi = {10.1007/s10664-022-10234-2},
 number = {7},
 pages = {195},
 title = {Developers&apos; perception matters: machine learning to detect developer-sensitive smells.},
 type = {Journal Articles},
 venue = {Empirical Software Engineering},
 volume = {27},
 year = {2022}
}

@article{PanBagGha22,
 author = {Rongqi Pan and Mojtaba Bagherzadeh and Taher Ahmed Ghaleb and Lionel C. Briand},
 doi = {10.1007/s10664-021-10066-6},
 number = {2},
 pages = {29},
 title = {Test case selection and prioritization using machine learning: a systematic literature review.},
 type = {Journal Articles},
 venue = {Empirical Software Engineering},
 volume = {27},
 year = {2022}
}

@article{PanPanFra22,
 author = {Annibale Panichella and Sebastiano Panichella and Gordon Fraser and Anand Ashok Sawant and Vincent J. Hellendoorn},
 doi = {10.1007/s10664-022-10207-5},
 number = {7},
 pages = {170},
 title = {Test smells 20 years later: detectability, validity, and reliability.},
 type = {Journal Articles},
 venue = {Empirical Software Engineering},
 volume = {27},
 year = {2022}
}

@article{ParAlaEll22,
 author = {Esteban Parra and Mohammad Alahmadi and Ashley Ellis and Sonia Haiduc},
 doi = {10.1007/s10664-021-10095-1},
 number = {2},
 pages = {40},
 title = {A comparative study and analysis of developer communications on Slack and Gitter﻿.},
 type = {Journal Articles},
 venue = {Empirical Software Engineering},
 volume = {27},
 year = {2022}
}

@article{PasThoKar22,
 author = {Jirat Pasuksmit and Patanamon Thongtanunam and Shanika Karunasekera},
 doi = {10.1007/s10664-022-10192-9},
 number = {6},
 pages = {156},
 title = {Story points changes in agile iterative development.},
 type = {Journal Articles},
 venue = {Empirical Software Engineering},
 volume = {27},
 year = {2022}
}

@article{PatFacHam22,
 author = {Keyur Patel and João Guilherme Faccin and Abdelwahab Hamou-Lhadj and Ingrid Nunes},
 doi = {10.1007/s10664-022-10136-3},
 number = {6},
 pages = {153},
 title = {The sense of logging in the Linux kernel.},
 type = {Journal Articles},
 venue = {Empirical Software Engineering},
 volume = {27},
 year = {2022}
}

@article{PecCatFer22,
 author = {Fabiano Pecorelli and Gemma Catolino and Filomena Ferrucci and Andrea De Lucia and Fabio Palomba},
 doi = {10.1007/s10664-021-10059-5},
 number = {2},
 pages = {31},
 title = {Software testing and Android applications: a large-scale empirical study.},
 type = {Journal Articles},
 venue = {Empirical Software Engineering},
 volume = {27},
 year = {2022}
}

@article{PecLujLen22,
 author = {Fabiano Pecorelli and Savanna Lujan and Valentina Lenarduzzi and Fabio Palomba and Andrea De Lucia},
 doi = {10.1007/s10664-022-10126-5},
 number = {3},
 pages = {64},
 title = {On the adequacy of static analysis warnings with respect to code smell prediction.},
 type = {Journal Articles},
 venue = {Empirical Software Engineering},
 volume = {27},
 year = {2022}
}

@article{PenTorMon22,
 author = {Birgit Penzenstadler and Richard Torkar and Cristina Martinez Montes},
 doi = {10.1007/s10664-022-10148-z},
 number = {4},
 pages = {98},
 title = {Take a deep breath: Benefits of neuroplasticity practices for software developers and computer workers in a family of experiments.},
 type = {Journal Articles},
 venue = {Empirical Software Engineering},
 volume = {27},
 year = {2022}
}

@article{PerAleTan22,
 author = {Anjana Perera and Aldeida Aleti and Chakkrit Tantithamthavorn and Jirayus Jiarpakdee and Burak Turhan and Lisa Kuhn and Katie Walker},
 doi = {10.1007/s10664-022-10116-7},
 number = {3},
 pages = {79},
 title = {Search-based fairness testing for regression-based machine learning systems.},
 type = {Journal Articles},
 venue = {Empirical Software Engineering},
 volume = {27},
 year = {2022}
}

@article{PerSimAlO22,
 author = {Anthony Peruma and Steven Simmons and Eman Abdullah AlOmar and Christian D. Newman and Mohamed Wiem Mkaouer and Ali Ouni},
 doi = {10.1007/s10664-021-10045-x},
 number = {1},
 pages = {11},
 title = {How do i refactor this? An empirical study on refactoring trends and topics in Stack Overflow.},
 type = {Journal Articles},
 venue = {Empirical Software Engineering},
 volume = {27},
 year = {2022}
}

@article{PisSpäBud22,
 author = {Goran Piskachev and Johannes Späth and Ingo Budde and Eric Bodden},
 doi = {10.1007/s10664-022-10165-y},
 number = {5},
 pages = {104},
 title = {Fluently specifying taint-flow queries with fluentTQL.},
 type = {Journal Articles},
 venue = {Empirical Software Engineering},
 volume = {27},
 year = {2022}
}

@article{PonPalFer22,
 author = {Valeria Pontillo and Fabio Palomba and Filomena Ferrucci},
 doi = {10.1007/s10664-022-10227-1},
 number = {7},
 pages = {187},
 title = {Static test flakiness prediction: How Far Can We Go?},
 type = {Journal Articles},
 venue = {Empirical Software Engineering},
 volume = {27},
 year = {2022}
}

@article{PreMohVil22,
 author = {Dimitri Prestat and Naouel Moha and Roger Villemaire},
 doi = {10.1007/s10664-022-10212-8},
 number = {7},
 pages = {179},
 title = {An empirical study of Android behavioural code smells detection.},
 type = {Journal Articles},
 venue = {Empirical Software Engineering},
 volume = {27},
 year = {2022}
}

@article{PrzAlbSpr22,
 author = {Adam Przybylek and Marta Albecka and Olga Springer and Wojciech Kowalski},
 doi = {10.1007/s10664-021-10043-z},
 number = {1},
 pages = {1},
 title = {Game-based Sprint retrospectives: multiple action research.},
 type = {Journal Articles},
 venue = {Empirical Software Engineering},
 volume = {27},
 year = {2022}
}

@article{RahImtSto22,
 author = {Md. Rayhanur Rahman and Nasif Imtiaz and Margaret-Anne D. Storey and Laurie A. Williams},
 doi = {10.1007/s10664-021-10109-y},
 number = {3},
 pages = {59},
 title = {Why secret detection tools are not enough: It&apos;s not just about false positives - An industrial case study.},
 type = {Journal Articles},
 venue = {Empirical Software Engineering},
 volume = {27},
 year = {2022}
}

@article{RahKhoCas22,
 author = {Mohammad Masudur Rahman and Foutse Khomh and Marco Castelluccio},
 doi = {10.1007/s10664-022-10153-2},
 number = {5},
 pages = {111},
 title = {Works for Me! Cannot Reproduce - A Large Scale Empirical Study of Non-reproducible Bugs.},
 type = {Journal Articles},
 venue = {Empirical Software Engineering},
 volume = {27},
 year = {2022}
}

@article{RehWanKul22,
 author = {Ifraz Rehman and Dong Wang and Raula Gaikovina Kula and Takashi Ishio and Kenichi Matsumoto},
 doi = {10.1007/s10664-022-10163-0},
 number = {5},
 pages = {109},
 title = {Newcomer OSS-Candidates: Characterizing Contributions of Novice Developers to GitHub.},
 type = {Journal Articles},
 venue = {Empirical Software Engineering},
 volume = {27},
 year = {2022}
}

@article{ReiAbrCar22,
 author = {José Pereira dos Reis and Fernando Brito e Abreu and Glauco de Figueiredo Carneiro},
 doi = {10.1007/s10664-021-10110-5},
 number = {3},
 pages = {69},
 title = {Crowdsmelling: A preliminary study on using collective knowledge in code smells detection.},
 type = {Journal Articles},
 venue = {Empirical Software Engineering},
 volume = {27},
 year = {2022}
}

@article{RobCapGon22,
 author = {Gregorio Robles and Andrea Capiluppi and Jesús M. González-Barahona and Björn Lundell and Jonas Gamalielsson},
 doi = {10.1007/s10664-022-10166-x},
 number = {6},
 pages = {135},
 title = {Development effort estimation in free/open source software from activity in version control systems.},
 type = {Journal Articles},
 venue = {Empirical Software Engineering},
 volume = {27},
 year = {2022}
}

@article{RodKhvAlo22,
 author = {Irving Muller Rodrigues and Aleksandr Khvorov and Daniel Aloise and Roman Vasiliev and Dmitrij V. Koznov and Eraldo Rezende Fernandes and George A. Chernishev and Dmitry V. Luciv and Nikita Povarov},
 doi = {10.1007/s10664-021-10070-w},
 number = {2},
 pages = {53},
 title = {TraceSim: An Alignment Method for Computing Stack Trace Similarity.},
 type = {Journal Articles},
 venue = {Empirical Software Engineering},
 volume = {27},
 year = {2022}
}

@article{RusMasSto22,
 author = {Daniel Russo and Andrés R. Masegosa and Klaas-Jan Stol},
 doi = {10.1007/s10664-021-10106-1},
 number = {3},
 pages = {71},
 title = {From anecdote to evidence: the relationship between personality and need for cognition of developers.},
 type = {Journal Articles},
 venue = {Empirical Software Engineering},
 volume = {27},
 year = {2022}
}

@article{SaiOunAha22,
 author = {Islem Saidani and Ali Ouni and Md. Ahasanuzzaman and Safwat Hassan and Mohamed Wiem Mkaouer and Ahmed E. Hassan},
 doi = {10.1007/s10664-022-10125-6},
 number = {4},
 pages = {81},
 title = {Tracking bad updates in mobile apps: a search-based approach.},
 type = {Journal Articles},
 venue = {Empirical Software Engineering},
 volume = {27},
 year = {2022}
}

@article{SasAvgUyu22,
 author = {Darius Sas and Paris Avgeriou and Umut Uyumaz},
 doi = {10.1007/s10664-022-10132-7},
 number = {4},
 pages = {86},
 title = {On the evolution and impact of architectural smells - an industrial case study.},
 type = {Journal Articles},
 venue = {Empirical Software Engineering},
 volume = {27},
 year = {2022}
}

@article{SawBisMoh22,
 author = {Arthur D. Sawadogo and Tegawendé F. Bissyandé and Naouel Moha and Kevin Allix and Jacques Klein and Li Li and Yves Le Traon},
 doi = {10.1007/s10664-022-10168-9},
 number = {6},
 pages = {151},
 title = {SSPCatcher: Learning to catch security patches.},
 type = {Journal Articles},
 venue = {Empirical Software Engineering},
 volume = {27},
 year = {2022}
}

@article{SchCit22,
 author = {Michael Schröder and Jürgen Cito},
 doi = {10.1007/s10664-021-10036-y},
 number = {2},
 pages = {30},
 title = {An empirical investigation of command-line customization.},
 type = {Journal Articles},
 venue = {Empirical Software Engineering},
 volume = {27},
 year = {2022}
}

@article{SheBanKum22,
 author = {Manish Shetty and Chetan Bansal and Sumit Kumar and Nikitha Rao and Nachiappan Nagappan},
 doi = {10.1007/s10664-022-10159-w},
 number = {4},
 pages = {93},
 title = {SoftNER: Mining knowledge graphs from cloud incidents.},
 type = {Journal Articles},
 venue = {Empirical Software Engineering},
 volume = {27},
 year = {2022}
}

@article{ShiBiaBri22,
 author = {Donghwan Shin and Domenico Bianculli and Lionel C. Briand},
 doi = {10.1007/s10664-021-10111-4},
 number = {4},
 pages = {87},
 title = {PRINS: scalable model inference for component-based system logs.},
 type = {Journal Articles},
 venue = {Empirical Software Engineering},
 volume = {27},
 year = {2022}
}

@article{ShuXiaWil22,
 author = {Rui Shu and Tianpei Xia and Laurie A. Williams and Tim Menzies},
 doi = {10.1007/s10664-021-10064-8},
 number = {1},
 pages = {26},
 title = {Omni: automated ensemble with unexpected models against adversarial evasion attack.},
 type = {Journal Articles},
 venue = {Empirical Software Engineering},
 volume = {27},
 year = {2022}
}

@article{SieRoy22,
 author = {Janet Siegmund and Chanchal K. Roy},
 doi = {10.1007/s10664-021-10030-4},
 number = {1},
 pages = {12},
 title = {Correction to: Preface to the special issue on program comprehension.},
 type = {Journal Articles},
 venue = {Empirical Software Engineering},
 volume = {27},
 year = {2022}
}

@article{SilOkaAss22,
 author = {Diego Fernandes da Silva and Luiz Fernando Okada and Wesley K. G. Assunção and Thelma Elita Colanzi},
 doi = {10.1007/s10664-022-10198-3},
 number = {7},
 pages = {166},
 title = {Intensifying the search-based optimization of product line architectures with crossover operators.},
 type = {Journal Articles},
 venue = {Empirical Software Engineering},
 volume = {27},
 year = {2022}
}

@article{SoaSizSan22,
 author = {Eliezio Soares and Gustavo Sizílio and Jadson Santos and Daniel Alencar da Costa and Uirá Kulesza},
 doi = {10.1007/s10664-021-10114-1},
 number = {3},
 pages = {78},
 title = {The effects of continuous integration on software development: a systematic literature review.},
 type = {Journal Articles},
 venue = {Empirical Software Engineering},
 volume = {27},
 year = {2022}
}

@article{SonHeiMäd22,
 author = {Tim Sonnekalb and Thomas S. Heinze and Patrick Mäder},
 doi = {10.1007/s10664-021-10029-x},
 number = {1},
 pages = {2},
 title = {Deep security analysis of program code.},
 type = {Journal Articles},
 venue = {Empirical Software Engineering},
 volume = {27},
 year = {2022}
}

@article{SprMil22,
 author = {Olga Springer and Jakub Miler},
 doi = {10.1007/s10664-022-10134-5},
 number = {5},
 pages = {106},
 title = {A comprehensive overview of software product management challenges.},
 type = {Journal Articles},
 venue = {Empirical Software Engineering},
 volume = {27},
 year = {2022}
}

@article{StoSchGol22,
 author = {Klaas-Jan Stol and Mario Schaarschmidt and Shelly Goldblit},
 doi = {10.1007/s10664-021-10062-w},
 number = {2},
 pages = {35},
 title = {Gamification in software engineering: the mediating role of developer engagement and job satisfaction.},
 type = {Journal Articles},
 venue = {Empirical Software Engineering},
 volume = {27},
 year = {2022}
}

@article{StrDinLin22,
 author = {Diane E. Strode and Torgeir Dingsøyr and Yngve Lindsjørn},
 doi = {10.1007/s10664-021-10115-0},
 number = {2},
 pages = {56},
 title = {A teamwork effectiveness model for agile software development.},
 type = {Journal Articles},
 venue = {Empirical Software Engineering},
 volume = {27},
 year = {2022}
}

@article{SánDelMed22,
 author = {Ana Belén Sánchez and Pedro Delgado-Pérez and Inmaculada Medina-Bulo and Sergio Segura},
 doi = {10.1007/s10664-022-10177-8},
 number = {6},
 pages = {132},
 title = {Mutation testing in the wild: findings from GitHub.},
 type = {Journal Articles},
 venue = {Empirical Software Engineering},
 volume = {27},
 year = {2022}
}

@article{TagZhaRaj22,
 author = {Ankur Tagra and Haoxiang Zhang and Gopi Krishnan Rajbahadur and Ahmed E. Hassan},
 doi = {10.1007/s10664-022-10133-6},
 number = {4},
 pages = {92},
 title = {Revisiting reopened bugs in open source software systems.},
 type = {Journal Articles},
 venue = {Empirical Software Engineering},
 volume = {27},
 year = {2022}
}

@article{TaoWanShi22,
 author = {Wei Tao and Yanlin Wang and Ensheng Shi and Lun Du and Shi Han and Hongyu Zhang and Dongmei Zhang and Wenqiang Zhang},
 doi = {10.1007/s10664-022-10219-1},
 number = {7},
 pages = {198},
 title = {A large-scale empirical study of commit message generation: models, datasets and evaluation.},
 type = {Journal Articles},
 venue = {Empirical Software Engineering},
 volume = {27},
 year = {2022}
}

@article{Traini22,
 author = {Luca Traini},
 doi = {10.1007/s10664-021-10069-3},
 number = {3},
 pages = {74},
 title = {Exploring Performance Assurance Practices and Challenges in Agile Software Development: An Ethnographic Study.},
 type = {Journal Articles},
 venue = {Empirical Software Engineering},
 volume = {27},
 year = {2022}
}

@article{TsaBraHir22,
 author = {Jason Tsay and Alan Braz and Martin Hirzel and Avraham Shinnar and Todd W. Mummert},
 doi = {10.1007/s10664-022-10206-6},
 number = {7},
 pages = {176},
 title = {Extracting enhanced artificial intelligence model metadata from software repositories.},
 type = {Journal Articles},
 venue = {Empirical Software Engineering},
 volume = {27},
 year = {2022}
}

@article{TuMen22,
 author = {Huy Tu and Tim Menzies},
 doi = {10.1007/s10664-022-10121-w},
 number = {4},
 pages = {80},
 title = {DebtFree: minimizing labeling cost in self-admitted technical debt identification using semi-supervised learning.},
 type = {Journal Articles},
 venue = {Empirical Software Engineering},
 volume = {27},
 year = {2022}
}

@article{TunHer22,
 author = {Steffen Tunkel and Steffen Herbold},
 doi = {10.1007/s10664-022-10224-4},
 number = {7},
 pages = {182},
 title = {Exploring the relationship between performance metrics and cost saving potential of defect prediction models.},
 type = {Journal Articles},
 venue = {Empirical Software Engineering},
 volume = {27},
 year = {2022}
}

@article{TurArtMis22,
 author = {Alexi Turcotte and Ellen Arteca and Ashish Mishra and Saba Alimadadi and Frank Tip},
 doi = {10.1007/s10664-022-10195-6},
 number = {7},
 pages = {161},
 title = {Stubbifier: debloating dynamic server-side JavaScript applications.},
 type = {Journal Articles},
 venue = {Empirical Software Engineering},
 volume = {27},
 year = {2022}
}

@article{UddAlaSer22,
 author = {Gias Uddin and Omar Alam and Alexander Serebrenik},
 doi = {10.1007/s10664-022-10156-z},
 number = {5},
 pages = {117},
 title = {A qualitative study of developers&apos; discussions of their problems and joys during the early COVID-19 months.},
 type = {Journal Articles},
 venue = {Empirical Software Engineering},
 volume = {27},
 year = {2022}
}

@article{VidLopAlc22,
 author = {Andreina Cota Vidaurre and Evelyn Cusi Lopez and Juan Pablo Sandoval Alcocer and Alexandre Bergel},
 doi = {10.1007/s10664-022-10220-8},
 number = {7},
 pages = {184},
 title = {TestEvoViz: visualizing genetically-based test coverage evolution.},
 type = {Journal Articles},
 venue = {Empirical Software Engineering},
 volume = {27},
 year = {2022}
}

@article{VieMatRoc22,
 author = {Renan Gomes Vieira and César Lincoln C. Mattos and Lincoln S. Rocha and João Paulo Pordeus Gomes and Matheus Paixão},
 doi = {10.1007/s10664-022-10213-7},
 number = {7},
 pages = {164},
 title = {The role of bug report evolution in reliable fixing estimation.},
 type = {Journal Articles},
 venue = {Empirical Software Engineering},
 volume = {27},
 year = {2022}
}

@article{WalGhaAla22,
 author = {Vijay Walunj and Gharib Gharibi and Rakan Alanazi and Yugyung Lee},
 doi = {10.1007/s10664-022-10147-0},
 number = {5},
 pages = {118},
 title = {Defect prediction using deep learning with Network Portrait Divergence for software evolution.},
 type = {Journal Articles},
 venue = {Empirical Software Engineering},
 volume = {27},
 year = {2022}
}

@article{WanBroJen22,
 author = {Peipei Wang and Chris Brown and Jamie A. Jennings and Kathryn T. Stolee},
 doi = {10.1007/s10664-021-10033-1},
 number = {1},
 pages = {21},
 title = {Demystifying regular expression bugs.},
 type = {Journal Articles},
 venue = {Empirical Software Engineering},
 volume = {27},
 year = {2022}
}

@article{WenNagLan22,
 author = {Fengcai Wen and Csaba Nagy and Michele Lanza and Gabriele Bavota},
 doi = {10.1007/s10664-021-10051-z},
 number = {1},
 pages = {14},
 title = {Quick remedy commits and their impact on mining software repositories.},
 type = {Journal Articles},
 venue = {Empirical Software Engineering},
 volume = {27},
 year = {2022}
}

@article{WesSerWie22,
 author = {Mairieli Santos Wessel and Alexander Serebrenik and Igor Wiese and Igor Steinmacher and Marco Aurélio Gerosa},
 doi = {10.1007/s10664-022-10130-9},
 number = {5},
 pages = {108},
 title = {Quality gatekeepers: investigating the effects of code review bots on pull request activities.},
 type = {Journal Articles},
 venue = {Empirical Software Engineering},
 volume = {27},
 year = {2022}
}

@article{WhiKri22,
 author = {Robert White and Jens Krinke},
 doi = {10.1007/s10664-021-10079-1},
 number = {3},
 pages = {67},
 title = {TCTracer: Establishing test-to-code traceability links using dynamic and static techniques.},
 type = {Journal Articles},
 venue = {Empirical Software Engineering},
 volume = {27},
 year = {2022}
}

@article{WidPraHar22,
 author = {Ratnadira Widyasari and Gede Artha Azriadi Prana and Stefanus Agus Haryono and Shaowei Wang and David Lo},
 doi = {10.1007/s10664-022-10189-4},
 number = {6},
 pages = {147},
 title = {Real world projects, real faults: evaluating spectrum based fault localization techniques on Python projects.},
 type = {Journal Articles},
 venue = {Empirical Software Engineering},
 volume = {27},
 year = {2022}
}

@article{WijAleBi22,
 author = {Laksri Wijerathna and Aldeida Aleti and Tingting Bi and Antony Tang},
 doi = {10.1007/s10664-021-10034-0},
 number = {1},
 pages = {8},
 title = {Mining and relating design contexts and design patterns from Stack Overflow.},
 type = {Journal Articles},
 venue = {Empirical Software Engineering},
 volume = {27},
 year = {2022}
}

@article{WuArcYue22,
 author = {Jiahui Wu and Paolo Arcaini and Tao Yue and Shaukat Ali and Huihui Zhang},
 doi = {10.1007/s10664-022-10127-4},
 number = {6},
 pages = {144},
 title = {On the preferences of quality indicators for multi-objective search algorithms in search-based software engineering.},
 type = {Journal Articles},
 venue = {Empirical Software Engineering},
 volume = {27},
 year = {2022}
}

@article{WuYanMa22,
 author = {Xiongfei Wu and Jinqiu Yang and Lei Ma and Yinxing Xue and Jianjun Zhao},
 doi = {10.1007/s10664-022-10221-7},
 number = {7},
 pages = {172},
 title = {On the usage and development of deep learning compilers: an empirical study on TVM.},
 type = {Journal Articles},
 venue = {Empirical Software Engineering},
 volume = {27},
 year = {2022}
}

@article{XavMonFer22,
 author = {Laerte Xavier and João Eduardo Montandon and Fabio Ferreira and Rodrigo Brito and Marco Túlio Valente},
 doi = {10.1007/s10664-022-10203-9},
 number = {7},
 pages = {163},
 title = {On the documentation of self-admitted technical debt in issues.},
 type = {Journal Articles},
 venue = {Empirical Software Engineering},
 volume = {27},
 year = {2022}
}

@article{XiaFuShu22,
 author = {Tianpei Xia and Wei Fu and Rui Shu and Rishabh Agrawal and Tim Menzies},
 doi = {10.1007/s10664-022-10171-0},
 number = {6},
 pages = {122},
 title = {Predicting health indicators for open source projects (using hyperparameter optimization).},
 type = {Journal Articles},
 venue = {Empirical Software Engineering},
 volume = {27},
 year = {2022}
}

@article{XiaHanAi22,
 author = {Da Xiao and Dengji Hang and Lu Ai and Shengping Li and Hongliang Liang},
 doi = {10.1007/s10664-021-10098-y},
 number = {2},
 pages = {37},
 title = {Path context augmented statement and network for learning programs.},
 type = {Journal Articles},
 venue = {Empirical Software Engineering},
 volume = {27},
 year = {2022}
}

@article{YahBraKho22,
 author = {Ahmed Haj Yahmed and Houssem Ben Braiek and Foutse Khomh and Sonia Bouzidi and Rania Zaatour},
 doi = {10.1007/s10664-022-10202-w},
 number = {7},
 pages = {193},
 title = {DiverGet: a Search-Based Software Testing approach for Deep Neural Network Quantization assessment.},
 type = {Journal Articles},
 venue = {Empirical Software Engineering},
 volume = {27},
 year = {2022}
}

@article{YanHasZou22,
 author = {Aidan Z. H. Yang and Safwat Hassan and Ying Zou and Ahmed E. Hassan},
 doi = {10.1007/s10664-021-10086-2},
 number = {2},
 pages = {55},
 title = {An empirical study on release notes patterns of popular apps in the Google Play Store.},
 type = {Journal Articles},
 venue = {Empirical Software Engineering},
 volume = {27},
 year = {2022}
}

@article{YanHeFen22,
 author = {Yilin Yang and Tianxing He and Yang Feng and Shaoying Liu and Baowen Xu},
 doi = {10.1007/s10664-021-10087-1},
 number = {2},
 pages = {48},
 title = {Mining Python fix patterns via analyzing fine-grained source code changes.},
 type = {Journal Articles},
 venue = {Empirical Software Engineering},
 volume = {27},
 year = {2022}
}

@article{ZamMudArn22,
 author = {Fiorella Zampetti and Saghan Mudbhari and Venera Arnaoudova and Massimiliano Di Penta and Sebastiano Panichella and Giuliano Antoniol},
 doi = {10.1007/s10664-021-10076-4},
 number = {1},
 pages = {28},
 title = {Using code reviews to automatically configure static analysis tools.},
 type = {Journal Articles},
 venue = {Empirical Software Engineering},
 volume = {27},
 year = {2022}
}

@article{ZerMenDec22,
 author = {Ahmed Zerouali and Tom Mens and Alexandre Decan and Coen De Roover},
 doi = {10.1007/s10664-022-10154-1},
 number = {5},
 pages = {107},
 title = {On the impact of security vulnerabilities in the npm and RubyGems dependency networks.},
 type = {Journal Articles},
 venue = {Empirical Software Engineering},
 volume = {27},
 year = {2022}
}

@article{ZhaTanLam22,
 author = {Haonan Zhang and Yiming Tang and Maxime Lamothe and Heng Li and Weiyi Shang},
 doi = {10.1007/s10664-022-10139-0},
 number = {4},
 pages = {83},
 title = {Studying logging practice in test code.},
 type = {Journal Articles},
 venue = {Empirical Software Engineering},
 volume = {27},
 year = {2022}
}

@article{ZhaYuMao22,
 author = {Tanghaoran Zhang and Yue Yu and Xinjun Mao and Yao Lu and Zhixing Li and Huaimin Wang},
 doi = {10.1007/s10664-022-10185-8},
 number = {7},
 pages = {162},
 title = {FENSE: A feature-based ensemble modeling approach to cross-project just-in-time defect prediction.},
 type = {Journal Articles},
 venue = {Empirical Software Engineering},
 volume = {27},
 year = {2022}
}

@article{ZhaYuWan22,
 author = {Xunhui Zhang and Yue Yu and Tao Wang and Ayushi Rastogi and Huaimin Wang},
 doi = {10.1007/s10664-022-10143-4},
 number = {6},
 pages = {126},
 title = {Pull request latency explained: an empirical overview.},
 type = {Journal Articles},
 venue = {Empirical Software Engineering},
 volume = {27},
 year = {2022}
}

@article{ZhoBoWu22,
 author = {Zhou Zhou and Lili Bo and Xiaoxue Wu and Xiaobing Sun and Tao Zhang and Bin Li and Jiale Zhang and Sicong Cao},
 doi = {10.1007/s10664-022-10216-4},
 number = {7},
 pages = {171},
 title = {SPVF: security property assisted vulnerability fixing via attention-based models.},
 type = {Journal Articles},
 venue = {Empirical Software Engineering},
 volume = {27},
 year = {2022}
}

@article{ZhoWanKam22,
 author = {Jiayuan Zhou and Shaowei Wang and Yasutaka Kamei and Ahmed E. Hassan and Naoyasu Ubayashi},
 doi = {10.1007/s10664-021-10060-y},
 number = {1},
 pages = {24},
 title = {Studying donations and their expenses in open source projects: a case study of GitHub projects collecting donations through open collectives.},
 type = {Journal Articles},
 venue = {Empirical Software Engineering},
 volume = {27},
 year = {2022}
}

@article{ZhuZhaHas22,
 author = {Wenhan Zhu and Haoxiang Zhang and Ahmed E. Hassan and Michael W. Godfrey},
 doi = {10.1007/s10664-022-10180-z},
 number = {6},
 pages = {148},
 title = {An empirical study of question discussions on Stack Overflow.},
 type = {Journal Articles},
 venue = {Empirical Software Engineering},
 volume = {27},
 year = {2022}
}

@article{ZyrPetGua22,
 author = {Vlas Zyrianov and Cole S. Peterson and Drew T. Guarnera and Joshua Behler and Praxis Weston and Bonita Sharif and Jonathan I. Maletic},
 doi = {10.1007/s10664-022-10209-3},
 number = {7},
 pages = {168},
 title = {Deja Vu: semantics-aware recording and replay of high-speed eye tracking and interaction data to support cognitive studies of software engineering tasks - methodology and analyses.},
 type = {Journal Articles},
 venue = {Empirical Software Engineering},
 volume = {27},
 year = {2022}
}

@article{ÅgrKnoBer22,
 author = {Pernilla Ågren and Eli Knoph and Richard Berntsson-Svensson},
 doi = {10.1007/s10664-022-10176-9},
 number = {6},
 pages = {121},
 title = {Agile software development one year into the COVID-19 pandemic.},
 type = {Journal Articles},
 venue = {Empirical Software Engineering},
 volume = {27},
 year = {2022}
}

@article{ÇarEspFal22,
 author = {Jonida Çarka and Matteo Esposito and Davide Falessi},
 doi = {10.1007/s10664-022-10186-7},
 number = {6},
 pages = {152},
 title = {On effort-aware metrics for defect prediction.},
 type = {Journal Articles},
 venue = {Empirical Software Engineering},
 volume = {27},
 year = {2022}
}

@article{ÇetTüz22,
 author = {H. Alperen Çetin and Eray Tüzün},
 doi = {10.1007/s10664-022-10129-2},
 number = {3},
 pages = {77},
 title = {Analyzing developer contributions using artifact traceability graphs.},
 type = {Journal Articles},
 venue = {Empirical Software Engineering},
 volume = {27},
 year = {2022}
}
